1984 3332
934 212 959 252 8

220 330 531 388 etymologica,
580 349 707 391 quam
748 349 1056 391 proponemus,
1104 332 1371 375 derivatione
1409 332 1529 374 vocis
1569 332 1675 386 „Sa-

221 407 402 447 turnus“
435 406 728 448 confirmatur.
805 405 860 447 In
909 405 1060 462 lingua
1088 405 1241 448 Indica
1286 418 1443 445 nomen
1476 403 1548 445 dei
1574 403 1677 445 solis

222 481 308 519 est:
338 476 579 531 „Savitar,“
610 490 719 533 quae
750 491 835 518 vox
870 476 1023 519 eadem
1054 476 1236 529 ratione,
1264 489 1346 531 qua
1373 473 1627 528 „bhavitar“
1653 490 1678 516 a

222 549 381 604 „bhu,⁴‘
428 565 453 591 a
483 548 630 592 radice
664 550 766 603 „su“
798 548 1036 591 derivanda
1077 535 1143 592 est
1186 549 1258 602 (cf.
1290 547 1443 591 Panini
1476 547 1510 598 Ι,
1543 547 1581 589 1.
1614 546 1676 601 6).

222 620 322 664 Hoc
352 636 511 664 nomen
542 621 653 663 nihil
681 621 799 663 aliud
830 622 1080 664 describere
1117 616 1214 664 ⁴vult
1259 637 1383 677 quam
1426 621 1677 664 facultatem

224 691 309 745 dei,
357 692 500 735 omnia
541 693 746 736 animalia
783 693 1060 751 procreandi,
1104 693 1566 751 procreatis‘vigorem
1606 691 1678 734 ad-

224 764 371 820 dendi,
403 771 533 821 atque
565 766 765 807 homines
796 766 934 808 salute
963 772 1006 808 et
1037 765 1247 808 felicitate
1277 764 1498 807 afficiendi
1537 765 1584 806 in
1612 778 1677 806 re-

224 838 319 890 bus,
348 851 458 892 quae
486 837 541 879 ad
570 837 882 891 agriculturam
913 844 1041 892 atque
1069 838 1123 879 ad
1153 837 1315 879 victum
1336 836 1544 892 cibosque
1562 851 1678 879 com-
1724 840 1736 849 ’

223 908 442 966 parandos
469 909 704 966 pertinent.
780 909 1008 952 Nostrates
1046 923 1204 951 nomen
1233 914 1404 950 vertant
1436 907 1678 962 „Beleber“

229 980 256 1023 i.
290 994 327 1021 e.
357 980 628 1034 „admonitor
663 982 870 1038 operum“
901 979 1068 1034 (Ovid).
1096 979 1283 1022 Easdem
1311 979 1429 1021 vices
1457 979 1501 1020 in
1529 978 1683 1021 Latina

227 1052 502 1108 mythologia
531 1053 646 1108 gerit
676 1052 904 1096 Saturnus.
965 1051 1092 1096 Idem
1123 1058 1187 1095 est
1216 1052 1294 1105 sol,
1338 1051 1411 1108 qui
1442 1051 1588 1106 efficit,
1634 1055 1682 1092 ut

229 1132 407 1181 segetes
437 1125 706 1167 incrementa
737 1125 921 1182 capiant.
977 1124 1131 1181 Itaque
1158 1124 1403 1167 Prellerus:
1432 1125 1554 1167 Rom.
1586 1123 1678 1179 My-

226 1196 335 1238 thol.
365 1212 407 1253 p.
434 1196 517 1238 409
556 1202 676 1238 recte
707 1196 923 1253 disputat:
984 1195 1047 1236 Ist
1082 1195 1169 1251 Ops
1213 1195 1398 1237 deutlich
1440 1210 1581 1251 qenuy
1614 1195 1683 1236 die

225 1269 375 1326 yiltiye
408 1267 570 1310 Mutter
598 1267 731 1321 Erde,
776 1283 824 1309 so
874 1269 929 1309 ist
970 1266 1135 1310 Saturn
1183 1267 1333 1309 ebenso
1378 1266 1564 1309 deutlich
1608 1266 1684 1308 der

226 1340 471 1382 vncnnlz‘ohe
510 1339 714 1397 Erdyott,
757 1340 966 1381 zum’ichst
1008 1340 1074 1381 als
1128 1340 1233 1383 (ἔστι
1272 1334 1349 1381 der
1386 1338 1561 1392 Saaten,
1610 1338 1684 1380 scd

226 1413 343 1469 quod
372 1413 513 1466 affert,
545 1418 852 1468 argumentum
875 1412 906 1466 l)
940 1418 1058 1455 certo
1086 1411 1368 1455 fundamento
1400 1417 1543 1465 caret3
1586 1425 1684 1453 nam

224 1486 271 1528 in
302 1484 471 1538 „satus“
498 1489 539 1525 et
567 1484 729 1537 „satio“
757 1500 781 1525 a
813 1485 948 1526 breve
977 1490 1056 1537 est,
1088 1482 1205 1538 quod
1226 1483 1271 1524 in
1298 1482 1563 1537 „Saturnus“
1592 1481 1684 1524 lon-

226 1571 331 1612 gum
375 1569 470 1597 esse
513 1554 841 1609 intellegemus;
902 1568 1041 1611 neque
1084 1554 1225 1596 minus
1278 1552 1563 1610 improbanda
1619 1559 1685 1594 est

229 1626 458 1675 sententia,
490 1642 616 1684 quam
643 1626 927 1683 Schwegler:
957 1625 1259 1670 Rom.Gesch.
1290 1626 1349 1668 im
1365 1624 1577 1668 Zeitalter
1608 1624 1686 1667 der

231 1700 427 1755 Konige.
448 1698 576 1742 Erste
597 1698 730 1741 Abth.
760 1714 802 1756 p.
820 1699 915 1741 224.
947 1698 1001 1741 de
1035 1698 1204 1755 origine
1236 1697 1360 1740 huius
1391 1697 1511 1739 vocis
1539 1703 1685 1755 protu-

228 1772 354 1826 tulis;
389 1771 495 1814 dicit
517 1771 655 1813 enim:
687 1770 771 1813 Die
793 1771 960 1813 Wurzel
989 1771 1060 1813 des
1077 1770 1264 1813 Namens
1292 1770 1454 1812 scheint
1484 1769 1688 1811 hiernach

230 1844 348 1886 m'cht
379 1852 514 1897 sator,
563 1843 667 1884 oder
709 1844 777 1884 ein
811 1845 888 1883 mit
926 1858 1023 1884 sero
1063 1841 1552 1898 zusammenhc'inqendes
1582 1840 1688 1897 Ety-

230 1930 343 1969 mon,
389 1914 577 1957 sondern
606 1922 728 1956 satur
758 1929 811 1956 zu
842 1915 946 1956 sein.
1025 1912 1190 1955 Satur-n
1219 1914 1276 1955 ist
1318 1912 1393 1955 der
1424 1912 1563 1968 Saue,
1613 1913 1691 1954 mit

234 1985 579 2042 Lebenslcrc'zften
618 1987 874 2042 G'esc'ittiyte,
899 1988 979 2027 wie
1010 1988 1126 2027 aeine
1159 1986 1312 2029 Gattin
1343 1984 1429 2041 Ops
1461 1986 1529 2027 die
1571 1985 1608 2025 V
1607 1985 1692 2026 olle

235 2059 339 2100 oder
368 2058 551 2110 Reiche;
603 2072 712 2115 quae
758 2057 988 2115 disputatio
1034 2057 1161 2100 certis
1199 2056 1468 2112 argumentis
1506 2071 1593 2099 non
1626 2056 1686 2097 ni·

232 2131 352 2185 titur,
381 2130 567 2188 primum
600 2130 714 2186 quod
749 2146 772 2172 a
804 2130 847 2171 in
880 2130 1050 2185 „satur“
1084 2131 1216 2172 breve
1248 2134 1325 2183 est,
1358 2128 1530 2183 deinde,
1570 2127 1685 2183 quod

232 2217 384 2245 sensus
414 2202 532 2245 vocis
564 2205 735 2257 „satur“
778 2218 865 2245 non
907 2203 1017 2244 bene
1057 2217 1155 2244 cum
1198 2207 1349 2244 natura
1389 2200 1461 2243 dei
1508 2200 1685 2245 Saturni

235 2274 459 2316 conciliari
487 2280 643 2330 potest.
672 2273 812 2316 Nobis
833 2279 983 2333 autem·
1007 2279 1188 2327 constat,
1208 2288 1233 2314 a
1252 2273 1431 2328 longum
1448 2272 1492 2314 in
1513 2271 1689 2327 „Satun

233 2347 340 2388 nus“
379 2345 598 2402 originem
628 2344 805 2388 duxisse
836 2360 859 2387 e
889 2344 1186 2387 contractione
1208 2344 1423 2387 vocalium
1444 2345 1562 2398 „ae,“
1584 2358 1689 2399 quas

234 2417 376 2459 adhue
404 2418 448 2458 in
478 2417 655 2472 antiqua
682 2417 867 2458 nominis
896 2417 1034 2458 forma
1074 2415 1333 2468 „Saeturni“
1352 2417 1387 2466 2)
1431 2414 1692 2457 invenimus.

235 2490 359 2532 Inter
390 2505 441 2544 „a
470 2496 512 2531 et
543 2490 593 2531 e“
624 2488 753 2530 litera
783 2488 945 2531 vocalis
976 2504 1002 2528 v
1044 2487 1200 2530 amissa
1244 2493 1322 2542 est,
1367 2487 1426 2529 ita
1465 2492 1513 2529 ut
1549 2486 1690 2530 forma

374 2658 407 2701 1)
436 2658 561 2692 »Denn
586 2659 721 2691 Saturn
747 2658 795 2690 ist
820 2656 1018 2690 abzuleiten
1044 2668 1067 2689 a
1093 2662 1174 2690 satu
1200 2655 1271 2689 und
1294 2667 1316 2689 α
1342 2655 1572 2690 sationibus

370 2723 405 2766 2)
436 2720 487 2756 Cf.
516 2719 681 2755 Ritschl:
722 2719 778 2755 De
802 2718 979 2755 fictilibus
1002 2718 1162 2754 literatis
1181 2718 1399 2753 Latinorum
1425 2716 1692 2764 antiquissimis

234 2787 395 2831 quaestt.
422 2787 633 2830 grammatt.
661 2783 782 2819 Berol.
809 2784 911 2819 1853.
940 2781 1133 2818 »Saeturni
1157 2781 1358 2829 pocolom.‹
