1984 3332
980 207 1059 249 122

283 331 590 390 imperfectum
621 329 673 376 ἔα
702 332 913 390 producta
941 329 1084 372 vocali
1104 329 1265 388 aapud
1283 331 1525 373 Homerum
1558 332 1744 376 inveniri

284 417 371 445 non
405 410 484 460 est,
516 405 634 461 quod
665 405 885 448 miremur.
914 407 953 447 E
967 404 1046 446 887
1079 401 1195 445 enim
1221 402 1410 458 legitur:

483 487 510 551 ἤ
538 509 586 536 κε
620 491 703 548 ζὼς
734 489 955 550 ἇμενηγώς
984 491 1034 535 ἔᾶ
1062 493 1239 545 χαλκοῖο
1267 493 1468 550 τυπῇσιν.

419 584 528 626 Veri
559 585 826 627 simillimum
855 592 935 636 est,
962 585 1046 627 hoc
1067 602 1108 639 α,
1127 584 1378 643 priusquam
1398 585 1531 627 breve
1552 599 1599 627 se
1622 598 1744 642 prae-

285 654 407 710 stitit,
440 655 622 711 longum
650 656 798 699 fuisse.
830 655 904 700 Sic
934 655 1061 699 etiam
1082 656 1370 700 Accusativus
1397 655 1742 699 secundiflexio-

284 728 351 770 nis
394 728 559 771 ordinis
586 754 642 760 —-
671 746 720 771 ον
749 729 865 772 idem
904 730 1034 784 valet,
1078 729 1193 785 quod
1230 745 1317 773 una
1357 729 1520 772 vocalis
1548 745 1589 783 α,
1636 742 1744 786 quae

284 800 575 844 accusativum
605 800 760 844 tertiae
789 800 1090 844 declinationis
1121 801 1340 845 describit.
1382 801 1593 845 Vocalem
1621 816 1645 843 a
1673 815 1744 843 au·

285 878 374 914 tem
405 885 565 927 magna
592 873 633 914 vi
663 872 903 929 praeditam
934 873 1065 915 fuisse
1094 873 1197 916 inde
1225 880 1416 931 apparet,
1439 873 1552 930 quod
1584 873 1744 916 vocalis

286 958 324 997 o,
367 950 415 985 ut
445 943 562 987 idem
597 944 747 987 valere
777 950 935 1001 posset,
981 945 1108 987 litera
1152 945 1284 987 nasali
1313 961 1341 987 n
1369 945 1508 988 fulcro
1548 961 1625 987 usa
1662 950 1739 987 est.

245 1036 257 1049 ι
285 1016 410 1058 Idem
443 1016 569 1058 nobis
610 1016 888 1058 statuendum
933 1023 997 1059 est
1034 1015 1088 1059 de
1132 1016 1296 1071 formis,
1341 1032 1450 1073 quae
1491 1017 1535 1059 in
1576 1017 1744 1061 Graeca

282 1087 433 1144 lingua
469 1088 607 1130 altera
643 1087 765 1130 iuxta
792 1088 972 1131 alteram
1005 1088 1297 1140 inveniuntur,
1343 1086 1466 1131 ἕνεκα
1505 1113 1559 1119 -
1586 1086 1741 1143 ἕνεκεν,

285 1158 441 1204 ἔπειτα
469 1185 524 1190 -
554 1157 750 1212 ἔπειτεν,
784 1157 1004 1213 ἑξόπισθα
1032 1183 1081 1191 -
1109 1156 1370 1214 ἐξόπισθεν;
1402 1157 1570 1203 οἷ’κονδε
1604 1184 1653 1190 -—
1683 1157 1744 1202 οἷ’-

287 1232 415 1285 καδε;
443 1228 597 1282 πάθος
628 1256 678 1261 -
709 1230 892 1282 πένθος.
923 1232 977 1274 cf.
997 1231 1159 1275 Christ.
1189 1232 1217 1274 1.
1239 1247 1275 1274 c.
1306 1246 1347 1288 p.
1368 1232 1433 1275 15.
1463 1232 1618 1287 Itaque
1647 1247 1744 1274 cum

285 1301 396 1344 illud
427 1299 732 1355 aAccusativi‚
766 1315 821 1343 cx
854 1317 879 1342 a
899 1314 934 1346 -4—
956 1317 984 1343 n
1015 1308 1172 1356 ortum,
1200 1301 1507 1359 antiquissimis
1537 1301 1743 1359 tempori-

284 1374 365 1416 bus
397 1374 579 1428 longum
613 1373 747 1416 fuisse
789 1379 987 1425 statuam,
1028 1388 1116 1416 non
1156 1372 1320 1428 dubito,
1359 1373 1463 1429 quin
1498 1372 1600 1415 illae
1641 1387 1745 1431 pro-

287 1444 527 1499 ductiones,
567 1459 677 1500 quac
712 1445 828 1502 apud
857 1445 1100 1487 Homerum
1140 1445 1435 1499 inveniuntur,
1474 1445 1598 1487 nobis
1637 1444 1743 1486 anti-

285 1517 481 1574 quiorem
513 1519 698 1561 formam
728 1518 930 1572 offerant,
959 1531 1068 1573 quae
1098 1517 1230 1575 longa
1259 1517 1398 1561 vocali
1426 1519 1502 1573 „a“
1533 1518 1743 1561 instructa

286 1596 391 1633 erat.
425 1591 566 1645 Quam
586 1591 640 1633 ob
654 1604 746 1633 rem
764 1590 862 1633 illos
879 1591 1000 1633 locos
1029 1589 1074 1632 in
1104 1605 1332 1633 numerum
1358 1590 1632 1633 metricorum
1662 1589 1744 1632 dif-

283 1662 523 1705 ficultatum
552 1678 641 1705 non
671 1662 939 1717 redigendos
969 1677 1064 1705 esse
1096 1663 1199 1705 mihi
1227 1676 1482 1721 persuasum
1511 1661 1664 1705 habeo.
1695 1660 1745 1706 Si

283 1740 427 1776 autem
457 1734 564 1776 iliud
593 1750 620 1776 α
651 1734 914 1791 productum
943 1735 1056 1792 apud
1089 1735 1329 1777 Homerum
1370 1734 1603 1785 invenitur,
1651 1735 1742 1776 hia-

285 1813 390 1862 tum,
435 1808 478 1850 in
523 1821 607 1863 quo
648 1806 832 1849 eandem
874 1805 1068 1850 vocalem
1109 1807 1292 1865 positam
1328 1806 1539 1862 videmus,
1583 1805 1739 1849 iustam

284 1878 474 1921 nancisci
507 1879 832 1922 excusationem
865 1885 1100 1922 statuamus
1130 1893 1308 1922 necesse
1344 1885 1421 1921 est.

416 1951 560 1995 Etiam
606 1967 634 1993 α
664 1951 795 1995 finale
822 1951 868 1993 in
898 1950 1141 2006 περιδείδια
1169 1949 1461 1993 firmissimum
1493 1949 1639 2005 fuisse,
1661 1949 1739 1992 -ita

284 2029 332 2066 ut
359 2024 536 2077 hiatum,
566 2024 638 2080 qui
664 2029 783 2066 extat
810 2023 946 2067 K93:

453 2110 590 2164 αἰνῶς
617 2110 697 2169 γὰρ
728 2115 909 2156 Δαναῶν
935 2111 1193 2168 περιδείδια,
1225 2110 1325 2155 οῖ’τδέ
1352 2128 1428 2167 μοι
1459 2103 1581 2167 ἦτορ.

289 2201 366 2255 (cf.
395 2200 596 2245 Hoffm.I
625 2217 667 2259 p.
683 2201 756 2257 88)
787 2202 903 2245 ferre
933 2206 1092 2259 posset,
1125 2201 1362 2243 ostendam.

420 2274 532 2317 Cum
564 2274 609 2315 in
637 2274 788 2329 lingua
818 2274 1073 2316 sanskritica
1098 2273 1217 2315 idem
1245 2288 1283 2326 a,
1315 2272 1431 2328 quod
1449 2272 1614 2328 primae
1642 2285 1740 2329 per·

286 2362 417 2390 sonae
458 2347 690 2402 singularis
721 2347 906 2404 perfecti
933 2346 1187 2391 formandae
1225 2345 1421 2401 inservit,
1466 2344 1607 2387 adhuc
1647 2359 1743 2403 pro·

286 2419 463 2461 ductum
498 2419 783 2470 inveniamus,
834 2419 888 2461 cf.
917 2418 1109 2474 bibhaya
1138 2419 1205 2473 (R.
1239 2418 1293 2459 V.
1322 2417 1449 2472 VIII,
1474 2417 1543 2471 45,
1572 2417 1644 2468 35)
1687 2417 1743 2459 cf.

284 2490 436 2533 Kuhn.
452 2490 540 2533 XV
567 2491 719 2548 p.405‚
737 2490 965 2547 productio
981 2489 1107 2532 huius
1134 2489 1296 2532 vocalis
1324 2488 1448 2533 nobis
1465 2488 1743 2543 demonstrat,

285 2568 383 2622 post
413 2562 489 2617 „a“
522 2562 693 2606 literam
721 2561 921 2607 amissam
954 2576 1065 2619 csse,
1096 2577 1222 2620 quam
1249 2562 1442 2605 nasalcm
1473 2562 1606 2603 fuisse
1638 2575 1741 2604 con-

284 2642 386 2690 stat3
415 2641 546 2693 atque
578 2636 612 2678 si
640 2635 854 2678 rationem
870 2636 1078 2678 habemus
1099 2636 1258 2679 Graeci
1277 2634 1460 2693 perfecti
1486 2633 1742 2689 περιδείδια,
1791 2674 1793 2681 ,

285 2709 401 2767 quod
431 2708 586 2752 eodem
619 2708 747 2752 modo
782 2709 1014 2752 formatum
1045 2714 1122 2763 est,
1154 2724 1238 2767 quo
1264 2707 1468 2753 Aoristus
1501 2704 1645 2763 ἔτυψα
1664 2705 1740 2749 i.e.

285 2779 489 2838 ἔτυψαμ,
530 2781 697 2826 firmior
741 2788 893 2825 natura
934 2781 1095 2825 vocalis
1133 2798 1161 2824 α
1192 2781 1354 2840 optime
1400 2796 1451 2824 eo
1483 2778 1742 2837 explicatur,
