1984 3332
972 223 1051 266 118

280 343 521 387 cusativum
554 345 737 403 pluralis
766 360 912 389 earum
952 360 1124 400 vocum,
1154 359 1277 401 ¹quae
1318 345 1502 388 alterum
1539 346 1742 390 flexionis

279 417 476 460 ordinem
508 425 748 475 sequuntur
776 419 853 475 (ef.
870 419 1023 474 δῶρα),
1050 417 1305 462 referendos
1323 431 1432 473 esse,
1453 432 1551 461 cum
1570 420 1609 473 a,
1625 417 1740 474 quod

284 504 341 531 ex
363 495 472 543 ,‚aa“
490 491 706 546 originem
734 492 872 545 duxit,
899 491 1204 549 corriperetur,
1233 491 1317 532 iam
1349 490 1458 532 vidit
1487 490 1743 548 Bopp.Vgl.

283 561 410 605 Gr.1
450 577 493 619 p.
509 562 605 606 458.
681 563 976 616 Quamobrem
1019 561 1220 618 equidem
1263 576 1437 616 censeo,
1481 561 1593 610 illas,
1636 576 1742 618 quas

284 633 577 676 Hoffmannus
607 634 721 686 dicit,
755 635 953 677 duriores
982 634 1289 692 productiones
1321 635 1502 677 formam
1530 633 1745 691 antiquio-

281 720 374 747 rem
405 706 531 749 nobis
562 720 774 758 servasse,
816 721 939 764 quae,
972 707 1053 749 etsi
1083 707 1166 749 iam
1198 707 1313 765 apud
1343 707 1587 750 Homerum
1613 705 1661 748 in
1691 720 1742 748 eo

281 783 388 833 erat,
418 783 467 820 ut
497 777 704 835 paulatim
735 792 759 820 e
791 777 1061 822 Graecorum
1088 777 1239 835 lingua
1268 783 1563 834 evanesceret,
1597 783 1743 820 tamen

287 855 405 892 certa
425 850 609 906 vestigia
626 850 817 906 reliquit,
841 865 950 906 quae
968 851 1003 892 si
1023 851 1338 908 persequimur,
1360 851 1484 894 nobis
1500 850 1746 903 ostendunt,

284 923 464 978 longum
495 939 519 965 a
545 922 590 965 in
618 922 705 965 illis
738 923 910 966 casibus
939 938 1028 966 non
1058 924 1199 967 solum
1232 923 1411 980 linguae
1446 921 1745 978 sanskritieae‚

286 995 364 1037 sed
395 995 522 1037 etiam
564 995 743 1049 linguae
775 996 970 1038 Graecae
1012 996 1237 1052 proprium
1285 996 1430 1038 fuisse.
1507 995 1620 1036 Tum
1659 994 1744 1036 hoc

282 1066 378 1109 loco
409 1066 534 1109 nobis
566 1080 655 1108 non
683 1065 962 1121 neglegenda
992 1072 1058 1109 est
1086 1066 1236 1122 lingua
1256 1066 1422 1118 Latina,
1443 1066 1489 1108 in
1510 1081 1594 1124 qua
1615 1067 1743 1109 etiam

280 1137 567 1180 inveniuntur
595 1138 813 1195 exempla,
843 1151 953 1192 quae
981 1139 1062 1191 „a“
1092 1137 1348 1179 nominativi
1376 1137 1557 1194 pluralis
1586 1137 1745 1195 produ-

285 1215 401 1251 ctum
435 1215 746 1264 servaverunt3
790 1209 844 1251 cf.
877 1209 944 1251 Pl.
974 1208 1092 1251 Men.
1119 1209 1201 1251 975
1238 1209 1452 1264 „verbera
1481 1208 1744 1266 compedes“

282 1281 387 1324 Ter.
407 1281 493 1323 Ad.
512 1281 607 1334 612,
637 1281 829 1323 membra
845 1286 962 1323 metu
994 1280 1154 1324 debilia
1174 1282 1314 1336 sunt“;
1345 1295 1489 1337 neque
1521 1281 1648 1324 aliter
1673 1295 1745 1325 res

283 1367 330 1395 se
360 1353 490 1396 habet
518 1352 564 1395 in
592 1351 814 1409 „triginta
844 1352 1173 1409 quadraginta-ist
1216 1367 1321 1409 quas
1348 1353 1509 1396 formas
1538 1353 1743 1411 antiquis·

281 1424 401 1467 simis
429 1424 698 1482 temporibus
727 1440 752 1466 a
780 1424 1040 1481 productum
1063 1438 1260 1468 servasse
1286 1424 1599 1468 demonstravit
1617 1425 1745 1470 Cors-

282 1511 359 1539 sen
389 1497 417 1539 l.
450 1512 486 1540 e.
516 1497 553 1552 I,
576 1497 660 1539 332
689 1503 732 1538 ct
760 1497 806 1539 in
842 1497 1097 1540 recensione
1141 1497 1243 1540 libri
1274 1496 1519 1551 Biicheleri,
1563 1497 1637 1554 qui
1682 1502 1746 1540 est

279 1564 538 1626 inscriptus:
586 1568 826 1612 Grandi-iss
857 1569 934 1611 der
966 1570 1044 1614 lat.
1078 1568 1379 1625 Declination,
1423 1584 1551 1625 quam
1576 1568 1744 1612 invenis

281 1641 340 1684 K.
367 1640 537 1684 Ztschr.
558 1640 673 1683 XVI
700 1656 742 1697 p.
761 1640 840 1682 297
865 1642 909 1695 ¹).

414 1713 507 1755 Iam
538 1713 574 1755 si
603 1718 786 1765 constat,
829 1712 940 1755 illud
983 1729 1008 1755 a
1046 1712 1355 1769 antiquissimis
1398 1711 1663 1771 temporibus
1701 1711 1745 1755 in

284 1784 457 1829 Graeca
486 1783 640 1840 lingua
669 1784 850 1840 longum
879 1784 1023 1836 fuisse,
1073 1785 1183 1826 illud
1219 1784 1346 1827 nobis
1386 1799 1474 1826 non
1515 1784 1742 1826 offensioni

283 1871 379 1899 esse
412 1862 567 1912 potest,
607 1856 725 1911 quod
757 1857 938 1898 eandem
971 1857 1143 1899 literam
1183 1857 1227 1899 in
1269 1857 1386 1899 hiatu
1415 1856 1599 1914 positam
1627 1856 1745 1899 inve-

282 1927 439 1972 nimus.
501 1926 666 1971 Natura
702 1927 897 1970 firmiore
938 1927 1066 1971 huius
1097 1927 1260 1970 vocalis
1298 1927 1380 1971 ista
1419 1927 1597 1971 metrica
1635 1927 1747 1971 diffi-

282 2001 418 2044 cultas
444 2007 709 2044 removetur.
771 2000 819 2045 Si
852 2006 1097 2058 spectamus
1127 2000 1182 2043 ad
1211 2001 1387 2044 eosdem
1419 2016 1558 2055 casus,
1594 2001 1745 2057 quales

285 2073 440 2116 tertius
470 2072 673 2115 flexionis
704 2073 809 2115 ordo
845 2072 970 2116 nobis
1003 2072 1146 2127 offert,
1176 2074 1232 2116 cf.
1263 2070 1477 2128 zemma,
1511 2078 1745 2117 statuamus

278 2160 457 2188 neeesse
494 2152 572 2200 est,
610 2145 687 2188 has
718 2146 879 2187 formas
910 2145 1063 2187 falsam
1101 2145 1344 2201 analogiam
1378 2151 1560 2201 secutss,
1591 2146 1745 2189 eodem

279 2217 407 2260 modo
430 2223 547 2260 ortas
577 2232 672 2260 esse
694 2233 779 2275 quo
801 2217 979 2261 eosdem
1000 2233 1123 2261 casus
1151 2218 1197 2260 in
1218 2217 1411 2261 seeundo
1439 2218 1640 2261 flexionis
1669 2232 1745 2275 ge-

283 2303 388 2331 nere
401 2295 524 2332 natos
542 2303 637 2332 esse
653 2289 933 2345 ostendimus,
964 2289 1018 2332 ef.
1036 2288 1195 2332 Christ.
1212 2290 1241 2332 l.
1259 2305 1295 2332 c.
1324 2305 1367 2347 p.
1392 2290 1456 2344 14,
1487 2304 1745 2347 quamquam

287 2361 482 2415 linguam
509 2361 808 2404 sanskriticam
837 2361 965 2403 aliam
996 2360 1108 2403 viam
1141 2360 1383 2416 ingressam
1418 2375 1513 2404 esse
1540 2367 1717 2404 constat.

415 2432 453 2475 E
482 2446 663 2475 numero
697 2447 847 2475 eorum
876 2432 1086 2486 locorum,
1131 2446 1240 2488 quos
1269 2446 1398 2489 supra
1425 2433 1565 2488 attuli,
1596 2434 1747 2476 9733.

284 2503 359 2546 ubi
389 2504 554 2560 legitur
585 2501 687 2559 ἔργα
716 2498 902 2558 anauga,
932 2519 1047 2547 nune
1081 2503 1267 2561 excipio,
1308 2509 1355 2547 ut
1383 2503 1438 2547 de
1465 2499 1493 2547 ἃ
1520 2505 1746 2562 privativo,

421 2622 456 2665 1)
481 2621 560 2656 Hae
598 2621 921 2667 argumentatione
956 2621 1066 2657 etiam
1103 2621 1167 2656 illa
1206 2621 1391 2656 sententia
1424 2620 1609 2666 firmatur,
1652 2634 1747 2668 quae

285 2685 556 2721 nominativum
580 2688 619 2721 et
645 2685 896 2722 accusativum
924 2685 1081 2731 pluralis
1106 2696 1232 2721 earum
1257 2696 1399 2727 vocum,
1434 2697 1526 2731 quae
1551 2688 1637 2721 sunt
1660 2698 1747 2722 neu-

285 2748 381 2785 trius
404 2749 566 2796 generis,
590 2749 630 2784 in
654 2749 825 2785 omnibus
850 2748 987 2795 linguis
1002 2748 1346 2785 Indo-Germanicis
1368 2748 1633 2795 antiquissimis
1655 2752 1747 2786 tem-

284 2814 442 2861 poribus
467 2814 505 2850 in
525 2825 553 2850 a
576 2813 800 2860 productum
827 2813 962 2850 exiisse
988 2813 1134 2851 statuit.
1160 2813 1205 2851 cf.
1230 2813 1339 2850 Ebel.
1365 2812 1411 2849 K.
1435 2812 1522 2851 Z.V
1545 2825 1580 2860 p.
1595 2814 1654 2850 64.
