1984 3332
947 156 1027 199 103

266 278 439 323 nomine
469 279 803 324 demonstrativo
833 279 1047 337 originem
1081 278 1221 334 duxit,
1251 279 1324 335 (de
1345 294 1469 337 pron.
1496 281 1627 334 „yas“
1655 280 1710 320 ef.

266 351 386 395 Gurt.
415 370 454 410 p.
475 354 587 408 355),
615 353 871 396 derivandas
902 369 996 396 esse
1021 379 1069 384 —-—
1094 353 1155 396 sie
1187 352 1379 409 gotieum
1410 352 1538 408 „jah“
1570 351 1709 405 „und“

261 422 315 466 ad
345 425 648 468 sanskritieum
677 426 807 481 „yas“
837 424 1117 468 referendum
1147 430 1273 467 est—
1293 424 1539 467 cf.Tobler:
1576 423 1711 466 Ueber

263 497 341 538 den'
369 499 578 539 relat-iven
613 497 837 541 &ebrauc-h
867 498 938 539 cles
969 496 1209 540 Deutschen
1232 496 1383 549 „und“
1412 498 1490 538 mit
1520 494 1709 554 Verylei-

262 567 399 626 chuny
414 569 680 612 verwandter
696 568 1211 627 Spraclzersolzeinunqen.
1241 568 1298 612 K.
1318 569 1365 612 Z.
1378 568 1468 611 VII
1496 583 1537 626 p.
1553 568 1636 610 353
1652 583 1708 610 ss.

260 643 317 686 ef.
353 657 392 699 p.
410 641 504 685 377.
519 641 622 696 378;
643 640 947 685 coniunctione
965 639 1217 699 idestirpem
1240 641 1509 698 pronominis
1524 640 1708 703 relativi,

265 728 373 771 quae
403 720 468 755 est
494 716 619 770 „ya,“
649 714 859 755 contineri
906 714 1110 771 suspicari
1151 714 1299 766 ausim,
1348 729 1444 755 eum
1486 714 1548 765 δε,
1593 713 1708 769 quod

257 793 323 829 est
348 786 730 830 demonstrativum
761 786 834 844 (ef.
865 783 952 842 ὅδε,
984 775 1086 839 ὦδε)
1118 786 1363 831 adderetur.

384 858 430 903 Si
447 864 590 901 autem
613 857 676 902 ἰδέ
693 873 715 902 e
730 858 827 913 ,φίὄέ
855 865 992 901 ortum
1021 864 1098 910 est,
1117 873 1206 901 non
1223 858 1387 911 dubito,
1407 857 1509 913 quin
1540 872 1592 898 ea
1611 871 1703 914 pro·

256 930 413 984 ductio,
430 946 538 988 quae
551 937 648 973 ante
664 931 775 973 hane
794 931 1141 974 coniunctionem
1157 930 1390 985 invenitur,
1406 936 1534 987 atque
1550 929 1710 982 hiatus,

257 1016 383 1058 quem
411 1000 476 1046 ἰδέ
503 1003 699 1046 effecisse
733 1003 917 1058 videtur,
948 1010 1117 1046 rectam
1148 1003 1337 1046 habeant
1367 1001 1705 1045 exeusationem.

384 1073 436 1117 In
453 1090 629 1118 caesura
645 1075 986 1119 seminovenaria
1015 1074 1079 1119 ἰδέ
1106 1075 1433 1133 productionem
1448 1074 1595 1116 brevis
1611 1073 1699 1128 syl·

252 1147 371 1189 labae
398 1148 443 1189 in
471 1162 699 1190 consonam
731 1148 900 1191 literam
931 1148 1134 1191 exeuntis
1165 1147 1318 1190 efficit:

302 1219 443 1262 2:589.
475 1216 705 1275 σταθμούς
731 1235 778 1263 τε
811 1219 981 1272 κλισίας
1007 1235 1054 1263 τε
1085 1217 1356 1277 κατηρεφέᾶς
1380 1216 1446 1261 ι’ὀέ
1472 1212 1642 1274 σηκούς.

380 1292 431 1333 In
459 1307 636 1334 caesura
663 1293 880 1335 trochaica
908 1293 1031 1351 pedis
1063 1293 1177 1335 tertii
1220 1291 1547 1348 quatuordeeim
1590 1289 1700 1332 loeis

250 1361 410 1405 hiatum
446 1363 577 1406 efficit
620 1361 685 1407 ἰδέ
727 1364 783 1407 of.
812 1364 961 1408 13697.
1004 1366 1046 1406 A
1061 1364 1152 1406 147.
1167 1362 1262 1406 382.
1307 1363 1394 1405 E3.
1413 1362 1505 1404 171.
1551 1364 1592 1403 Z
1602 1360 1697 1402 469.

252 1436 290 1477 Θ
307 1435 397 1478 162.
416 1438 461 1477 Κ
479 1436 572 1478 573.
594 1436 756 1478 Μ311.
775 1435 918 1482 Ξ348.
937 1436 1078 1479 P534.
1105 1436 1253 1478 (0351.
1279 1434 1436 1477 X469.
1462 1434 1503 1475 Ω
1523 1433 1622 1486 166;
1640 1431 1695 1474 de

249 1505 402 1563 quibus
419 1506 527 1550 loeis
547 1507 600 1549 ef.
615 1507 777 1550 Hoffm.
799 1507 824 1550 I
842 1524 883 1566 p.
903 1508 971 1562 89,
998 1506 1172 1549 Naeke:
1204 1506 1291 1548 ind.
1303 1506 1524 1563 praeleett.
1549 1504 1702 1545 Bonn.

251 1577 466 1620 1834—-35
493 1594 535 1635 p.
550 1579 589 1621 5.
604 1580 643 1622 6.
679 1595 701 1621 ν
730 1575 1035 1637 ἐφελκυστικόν
1063 1579 1100 1622 si
1127 1579 1337 1632 delemus,
1370 1578 1470 1631 loci,
1498 1576 1570 1635 qui
1598 1582 1699 1619 sunt

247 1653 286 1692 Γ
294 1649 384 1693 194.
430 1654 456 1693 Ι
471 1651 565 1695 658.
605 1654 656 1694 Λ
671 1652 733 1695 15.
767 1656 813 1695 Ν
821 1652 915 1696 432.
942 1651 985 1698 Ξ
1000 1653 1090 1695 165.
1120 1651 1273 1703 Ω643,
1314 1650 1550 1707 spirantem
1581 1648 1696 1706 pala-

248 1722 375 1765 talem
406 1729 598 1781 poscunt.
936 1741 938 1743 ¹

374 1794 551 1852 Longae
579 1797 750 1840 vocales
781 1803 909 1855 atque
940 1796 1198 1854 diphthongi
1223 1802 1322 1840 ante
1341 1792 1409 1839 ἰδέ
1436 1794 1686 1853 productio·

244 1879 342 1909 nem
375 1874 560 1921 servant,
588 1868 639 1910 cf.
657 1867 699 1914 Ξ
713 1869 802 1923 175,
840 1868 914 1911 ubi
946 1885 971 1925 η
1000 1868 1045 1910 in
1073 1868 1221 1926 quinta
1253 1869 1337 1910 arsi
1366 1875 1465 1909 ante
1496 1865 1561 1910 ἰδέ
1591 1881 1688 1924 pro-

242 1937 414 1981 ducitur
443 1940 512 1992 (ef.
544 1940 743 1983 Hoffm.I
773 1955 815 1998 p.
832 1941 969 1995 61.5),
1001 1946 1044 1984 et
1061 1945 1089 1983 I
1091 1941 1205 1995 '119,
1232 1939 1305 1983 ubi
1335 1956 1380 1983 αι
1408 1938 1609 1983 infinitivi
1637 1938 1684 1981 in

244 2017 393 2067 quarta
421 2012 505 2054 arsi
534 2011 788 2068 productum
821 2012 1075 2056 invenimus.
1151 2012 1226 2055 Ad
1252 2012 1420 2054 literam
1448 2011 1684 2068 spirantem

243 2083 534 2127 coniunctioni
575 2081 639 2127 ἱὸέ
679 2084 977 2128 vindicandam
1006 2084 1113 2127 nihil
1154 2085 1301 2127 valent
1340 2088 1381 2126 Γ
1390 2084 1485 2128 318.
1527 2086 1580 2126 H
1599 2083 1689 2126 177.

241 2154 334 2208 (ubi
357 2155 592 2212 legendum
624 2163 711 2200 est:
740 2157 837 2200 λαοὶ
864 2157 899 2200 δ’
928 2151 1146 2217 ἠρήσαντο
1174 2160 1304 2208 θεοῖς
1330 2154 1396 2200 ἰδέ
1419 2158 1565 2212 χεῖρας
1591 2148 1687 2198 ἄνε-

241 2227 361 2283 σχον)
392 2233 520 2286 atque
539 2227 681 2279 T285,
712 2227 866 2286 quibus
895 2227 1002 2270 loeis
1032 2228 1164 2284 longa
1191 2228 1358 2284 syllaba
1384 2227 1429 2270 in
1450 2241 1687 2270 consonan-

241 2306 329 2342 tem
356 2301 508 2344 exiens
540 2316 644 2344 voce
674 2300 740 2344 ἰδέ
772 2301 999 2359 excipitur.
1057 2302 1204 2345 Semel
1232 2299 1297 2345 ἰδέ
1327 2302 1479 2344 literae
1508 2297 1689 2358 spiranti

240 2379 460 2430 repugnat
488 2374 544 2416 ef.
578 2379 619 2417 Z
634 2374 673 2418 4.

370 2445 479 2488 Cum
519 2446 595 2500 ἰδέ,
624 2454 672 2489 ut
700 2448 866 2504 opinor,
907 2465 932 2490 a
961 2448 1095 2504 stirpe
1122 2451 1386 2507 pronominis
1414 2446 1585 2493 relativi
1617 2444 1690 2487 de-

237 2516 463 2560 rivandum
495 2519 563 2574 sit,
603 2520 803 2563 assentiri
831 2535 919 2564 non
947 2537 1120 2579 possum
1151 2523 1368 2574 Bekkem,
1413 2522 1486 2581 qui
1531 2519 1597 2566 ἰδὲ
1624 2517 1691 2562 di-

239 2603 411 2646 gammo
442 2590 661 2636 instruxit.

367 2665 421 2707 In
453 2680 677 2709 numerum
708 2682 855 2711 earum
884 2684 1054 2724 vocum,
1085 2685 1194 2725 quae
1222 2670 1337 2728 apud
1365 2670 1604 2714 Homerum
1635 2671 1684 2713 li-

234 2745 370 2784 teram
400 2740 634 2799 spirantem
663 2749 902 2800 servarunt,
941 2743 1188 2802 redigerem
1216 2742 1371 2803 ὖσμίνη
1402 2751 1446 2789 et
1473 2742 1612 2802 ὑμεῖς,
1650 2743 1686 2790 si
