1984 3332
962 207 989 249 5

252 345 326 375 eos
351 336 568 389 tamquam
584 337 781 374 auctores
810 329 1019 387 gentium,
1036 328 1190 387 quibus
1221 327 1326 371 olim
1356 326 1400 371 in
1432 328 1560 371 terris
1578 342 1703 385 prae-

250 403 454 458 fuerunt,
482 402 775 458 confugiunt.
851 401 1115 460 Exemplum
1152 401 1356 455 afferam,
1405 416 1490 459 quo
1533 401 1702 444 nullum

250 475 422 519 maioris
451 475 658 518 momenti
703 488 799 518 esse
839 480 984 533 potest
1022 473 1077 517 ad
1116 474 1229 517 hanc
1266 473 1565 532 quaestionem
1604 472 1702 515 illu-

249 548 482 592 strandam.
512 547 562 591 E.
596 547 805 600 Burnouf‚
833 547 1039 604 princeps
1068 546 1144 589 ille
1173 546 1500 604 philologorum
1531 545 1604 602 qui
1630 559 1702 588 res

251 620 403 663 Aricas
431 625 740 673 tractaverunt,
780 619 884 661 satis
928 625 1048 661 certe
1090 618 1417 672 demonstravit,
1462 617 1702 661 clarissima

249 691 324 733 illa
350 705 505 747 regum
532 690 721 738 nomina,
750 703 859 746 quae
887 690 932 730 in
964 690 1086 746 epica
1115 691 1349 732 Persarum
1381 691 1503 746 poesi
1538 695 1702 743 extant,

250 761 711 817 Yemshid,Feredun‚
730 761 953 818 Garshasp
983 760 1132 803 cadem
1160 774 1258 805 vesse
1290 776 1340 804 ac
1357 761 1701 815 Yima—kshaeta,

249 833 511 887 Thraetona,
539 833 808 890 Kerecacpa,
837 833 910 890 qui
939 833 1096 875 heroes
1126 833 1172 874 in
1197 832 1332 884 libris,
1377 832 1451 888 qui
1476 831 1702 875 nominan-

249 912 320 948 tur
346 904 654 960 Zend—avesta,
696 905 884 962 primum
913 906 1057 948 locum
1103 905 1317 957 obtinent3
1368 917 1511 960 neque
1559 903 1702 946 minus

248 982 365 1019 certe
399 976 515 1019 idem
547 976 613 1018 vir
645 977 800 1020 doctus
831 976 1032 1032 ostendit,
1072 977 1117 1019 in
1162 975 1315 1019 vedica
1342 975 1551 1018 Indorum
1581 974 1702 1032 potisi

249 1064 398 1093 eorum
416 1050 597 1093 heroum
618 1056 764 1106 partes
779 1050 1001 1108 suscipere
1017 1051 1216 1104 Yamam,
1229 1049 1407 1103 Tritam,
1424 1048 1699 1102 Krieacvam,

248 1136 358 1179 quae
387 1121 561 1165 nomina
590 1137 675 1165 una
709 1137 806 1165 cum
839 1122 915 1177 eis,
957 1136 1066 1180 quae
1100 1122 1147 1164 in
1174 1122 1328 1178 lingua
1355 1120 1549 1165 Zendica
1578 1120 1698 1163 inve-

247 1194 439 1249 niuntur,
470 1194 524 1237 ad
556 1194 738 1237 eandem
771 1195 947 1252 stirpem
980 1195 1215 1237 referenda
1247 1209 1342 1236 esse
1373 1200 1554 1236 constat.
1584 1191 1701 1245 Quo-

250 1265 377 1309 modo
406 1272 548 1309 autem
580 1267 740 1309 factum
771 1266 839 1320 sit,
887 1273 935 1309 ut
962 1266 1039 1320 illi,
1088 1281 1195 1323 quos
1236 1265 1364 1308 modo
1408 1265 1513 1320 dixi,
1555 1263 1700 1308 vedici

247 1337 317 1380 dei
348 1344 497 1394 postea
525 1338 638 1394 apud
669 1338 824 1380 Persas
865 1353 1020 1393 regum
1069 1352 1251 1381 munere
1299 1338 1436 1380 functi
1480 1336 1697 1380 describe-

247 1415 411 1463 rentur,
457 1408 680 1466 perlucide
716 1415 896 1467 apparet
934 1423 958 1451 e
996 1408 1172 1451 nomine
1214 1408 1432 1451 Feredun.
1492 1407 1697 1451 Fcredun

247 1481 378 1534 enim,
410 1495 517 1537 quae
545 1496 633 1523 vox
662 1495 685 1523 e
715 1481 889 1524 nomine
913 1480 1104 1524 Zendico
1122 1481 1423 1535 „Thraetona“
1446 1480 1505 1523 ita
1534 1480 1698 1523 orieba—

246 1559 329 1608 tur,
357 1559 405 1595 ut
439 1553 565 1596 litera
597 1553 697 1607 „th“
729 1553 773 1595 in
804 1553 917 1611 „ph“
935 1559 1175 1596 mutaretur
1198 1552 1484 1607 (Phredfina),
1514 1552 1699 1596 eandem

243 1625 423 1683 stirpem
451 1640 557 1683 prae
591 1640 637 1668 se
667 1626 765 1679 fert,
810 1640 918 1681 quae
949 1626 1055 1668 latet
1084 1626 1161 1669 sub
1207 1626 1466 1670 sanskritico
1500 1625 1688 1681 „Trita.“

245 1697 418 1740 Nomen
447 1697 561 1741 enim
592 1697 865 1752 „Traitana,“
911 1697 1027 1754 quod
1069 1699 1203 1741 semel
1248 1698 1293 1740 in
1324 1698 1491 1741 vedicis
1522 1698 1698 1754 hymnis

247 1775 380 1823 extat,
435 1776 562 1826 atque
611 1786 635 1813 a
684 1770 856 1824 „Trita“
909 1769 1149 1813 derivatum
1201 1776 1279 1823 est,
1336 1771 1433 1812 voci
1481 1769 1697 1814 Zendicae

249 1841 553 1895 „Thraetonff
571 1841 771 1885 intimum
787 1856 1001 1884 conexum
1024 1857 1120 1885 cum
1148 1842 1408 1885 sanskritico
1440 1841 1614 1897 „Trita“
1635 1841 1699 1882 in-

245 1914 470 1958 tercedere
499 1915 700 1959 ostendit.
756 1915 843 1959 Hic
878 1916 1050 1971 „Trita“
1082 1916 1127 1958 in
1158 1916 1311 1959 vedica
1337 1916 1458 1974 poesi
1489 1900 1693 1975 „Aptyafl

245 1986 504 2041 nominatur,
531 2001 619 2029 non
646 1986 775 2029 aliter
806 2002 855 2029 ac
887 1988 1206 2043 „Thraetona,“
1250 1988 1324 2044 qui
1355 1987 1548 2031 inlibris
1580 1987 1696 2030 Zen-

245 2064 353 2107 dicis
383 2064 495 2106 filius
514 2044 780 2120 „Athwyaff
813 2065 983 2108 dicitur.
1015 2065 1137 2108 Deus
1162 2066 1335 2120 „Trita“
1368 2066 1525 2109 eodem
1554 2065 1698 2119 mod0,

245 2151 330 2193 quo
361 2136 508 2191 Indra,
553 2137 668 2195 apud
697 2136 829 2181 Indos
858 2137 1128 2191 daemonem,
1171 2137 1244 2194 qui
1289 2137 1535 2181 nominatur
1568 2137 1691 2191 „ahi“

245 2209 289 2263 (i.
318 2223 355 2252 e.
385 2207 490 2263 ἔχις)
524 2215 596 2252 aut
626 2216 806 2265 „vrtra“,
844 2210 1059 2263 interficit,
1104 2212 1162 2253 ita
1203 2217 1249 2253 ut
1274 2225 1444 2263 vaccae,
1490 2224 1599 2266 quae
1638 2210 1691 2253 ab

246 2280 328 2324 hoc
362 2281 573 2325 daemone
602 2288 801 2325 retentae
831 2288 967 2338 erant,
1004 2282 1245 2326 liberentur
1274 2288 1403 2339 atque
1431 2282 1477 2325 in
1507 2287 1694 2340 potesta-

245 2362 335 2402 tem
365 2354 435 2397 dei
465 2353 665 2408 „Tritae“
709 2369 856 2397 rursus
905 2354 1176 2411 redigantur.
1241 2355 1289 2401 Si
1331 2355 1586 2412 quaerimus,
1625 2356 1696 2398 cui

243 2427 309 2471 rei
336 2425 616 2470 illustrandae
647 2426 719 2470 hic
759 2427 935 2486 mythus
978 2422 1200 2485 inserviat,
1240 2434 1429 2472 statuere
1472 2428 1695 2483 debemus,

243 2500 327 2542 hoc
357 2499 507 2555 mytho
542 2499 650 2542 nihil
680 2500 797 2542 aliud
823 2500 1027 2555 describi,
1066 2507 1195 2559 atque
1226 2516 1319 2544 eam
1349 2515 1456 2550 rem,
1501 2516 1612 2556 quae
1642 2516 1694 2544 eo

243 2570 499 2624 continetur,
545 2570 659 2626 quod
688 2571 857 2614 fulmen
885 2572 1022 2616 nulies
1067 2572 1168 2627 (hac
1199 2573 1315 2616 enim
1341 2579 1443 2615 sunt
1476 2588 1639 2616 vaccae
1669 2590 1694 2616 a

243 2643 523 2688 daemonibus
554 2643 768 2699 retentae)
800 2644 1045 2702 perfringit,
1096 2645 1155 2688 ita
1192 2651 1239 2688 ut
1267 2645 1454 2689 nubibus
1490 2646 1693 2690 discussis

242 2716 390 2773 pluvia
418 2716 665 2759 effundatur
694 2722 824 2772 atque
852 2717 947 2772 agri
976 2718 1203 2760 fertilitate
1231 2725 1274 2760 et
1302 2719 1500 2761 ubertate
1539 2734 1693 2762 ornen-

241 2794 325 2832 tur.
361 2788 442 2832 Es't
472 2787 605 2845 igitur
634 2802 782 2846 pugna
808 2788 916 2833 lucis
947 2795 1100 2834 contra
1127 2791 1347 2844 tenebras,
1380 2790 1518 2848 qualis
1547 2791 1592 2834 in
1619 2807 1692 2834 na-
