1984 3332
994 229 1046 270 10

286 350 568 394 diiudicanda
598 365 845 407 sequemur,
889 351 1101 407 exposita,
1131 350 1366 405 videamus,
1397 350 1501 405 quid
1531 350 1584 393 de
1615 352 1741 408 epico

287 422 479 466 carmine
514 423 786 468 Graecorum
820 445 870 454 —-
903 422 1000 465 dieo
1034 421 1217 465 Iliadem
1243 447 1293 453 —
1313 421 1437 465 nobis
1467 421 1742 465 statuendum

285 493 353 539 sit.
402 494 500 551 Ego
532 495 705 550 quidem
736 509 823 536 non
851 494 1013 547 dubito,
1044 495 1148 550 quin
1177 509 1389 537 summum
1417 500 1737 550 argumentum,

285 566 402 622 quod
430 567 567 610 Iliade
599 567 859 621 continetur,
890 566 944 608 ad
975 566 1175 621 mythum
1197 566 1443 609 naturalem
1463 564 1741 609 referendum

285 637 352 691 sit,
384 637 438 680 ad
467 637 590 680 cuius
618 636 979 693 significationem
1009 636 1312 679 illustrandam
1344 652 1431 680 non
1461 637 1636 695 paulum
1666 651 1735 678 va·

283 709 377 751 lere
406 714 509 766 puto
524 709 865 765 etymologicam
884 708 1200 751 derivationem
1231 708 1418 751 nominis
1437 703 1583 762 Ἴλιος,
1613 723 1739 764 quam

284 794 589 838 proponemus.
662 780 819 837 Itaque
860 780 986 835 viam,
1035 795 1119 838 qua
1158 779 1212 823 ad
1262 780 1575 836 etymologiam
1614 780 1740 822 huius

284 853 404 895 vocis
433 852 641 906 venerim,
673 852 929 896 describam.

415 924 469 966 In
498 923 660 967 vedicis
681 924 855 980 hymnis
885 939 1057 982 semper
1082 937 1257 982 pugnae
1292 924 1487 979 deorum,
1506 924 1580 981 qui
1598 924 1739 966 lucem

288 1001 631 1052 repraesentant,
662 1001 811 1038 contra
832 995 1080 1050 daemones,
1101 997 1173 1052 qui
1205 996 1291 1037 luci
1306 995 1484 1037 insidias
1510 995 1741 1049 collocant,

283 1070 601 1113 deseribuntur.
640 1070 825 1121 Vaccae,
868 1084 978 1126 quae
1009 1076 1109 1112 sunt
1138 1070 1314 1112 illorum
1346 1069 1539 1124 deorum,
1578 1085 1603 1111 a
1641 1068 1739 1113 dae·

282 1142 496 1195 monibus,
545 1142 617 1199 qui
661 1142 887 1184 dicuntur:
938 1141 1115 1196 vrtrani,
1154 1141 1291 1196 dasas,
1330 1155 1520 1198 panayas
1564 1147 1632 1183 etc
1669 1141 1739 1183 In·

282 1213 402 1267 (irae,
458 1213 540 1255 deo
583 1213 706 1266 lucis,
749 1219 926 1270 ereptae
966 1213 1010 1254 in
1052 1213 1233 1255 occultis
1276 1213 1447 1255 arcibus
1484 1212 1739 1266 retinentur,

283 1284 423 1327 donee
455 1284 591 1327 Indra
620 1284 796 1327 illorum
813 1284 1070 1326 daemonum
1101 1283 1273 1326 arcibus
1305 1284 1437 1340 captis
1465 1299 1616 1326 vaccas
1646 1299 1740 1326 rur-

281 1371 354 1401 sus
380 1355 575 1414 recipiat.
634 1355 732 1399 Hoc
770 1355 937 1412 mytho,
965 1356 1038 1411 qui
1070 1370 1261 1413 pugnam
1299 1354 1406 1397 lucis
1441 1361 1593 1398 contra
1621 1360 1738 1398 tene-

281 1428 397 1483 bras,
428 1427 567 1485 qualis
602 1433 667 1469 est
695 1427 740 1469 in
770 1433 938 1482 natura,
960 1427 1181 1482 describit,
1201 1442 1416 1470 summum
1433 1432 1739 1483 argumentum

282 1499 541 1554 continetur,
582 1499 697 1555 quod
739 1500 784 1540 in
817 1500 1012 1541 maxima
1042 1506 1165 1556 parte
1191 1501 1455 1556 hymnorum
1484 1499 1736 1541 vedieorum

282 1576 501 1613 tractatur.
574 1570 716 1612 Etiam
768 1571 884 1628 apud
933 1570 1130 1615 Graecos
1177 1572 1246 1613 hic
1287 1571 1463 1628 mythus
1511 1571 1736 1613 invenitur.

285 1642 403 1696 Quid
433 1642 549 1684 enim
581 1641 700 1684 aliud
727 1642 974 1698 significare
1005 1642 1158 1684 volunt
1192 1656 1355 1697 greges
1387 1641 1622 1700 Apollinis,
1666 1642 1738 1698 qui

283 1714 336 1755 ab
368 1712 533 1755 Herme
562 1714 809 1770 rapiuntur3
840 1714 895 1754 ef.
923 1714 1132 1756 Preller.:
1168 1714 1249 1757 Gr.
1269 1713 1409 1769 Myth.
1428 1714 1571 1766 I‚303.
1609 1720 1738 1768 atque

282 1785 432 1839 boves,
470 1785 543 1839 qui
571 1800 595 1826 a
625 1784 742 1828 Caco
774 1785 955 1827 Herculi
985 1785 1137 1841 erepti,
1179 1790 1407 1842 postquam
1437 1784 1576 1827 Cacus
1605 1784 1735 1828 inter-

265 1857 424 1898 ‘fectus
456 1861 536 1908 est,
566 1870 715 1897 rursus
745 1855 788 1897 in
821 1855 1027 1898 Herculis
1061 1861 1318 1911 potestatem
1344 1857 1640 1913 perveniunt?
1680 1857 1736 1900 cf.

283 1928 491 1971 Preller.:
538 1927 661 1970 Rom.
694 1926 877 1983 Mythol.
907 1942 951 1984 p·
978 1927 1072 1970 648.
1150 1927 1203 1970 In
1247 1927 1402 1970 vedica
1439 1927 1735 1986 descriptione

281 1998 407 2041 huius
437 1999 576 2055 mythi
610 1998 664 2040 ad
692 1998 814 2040 illum
844 2000 999 2053 locum,
1041 2000 1114 2041 ubi
1151 2013 1310 2041 vaccae
1342 2000 1386 2053 (i.
1405 2014 1442 2041 e.
1459 1999 1556 2052 lux)
1594 2000 1737 2042 occul·

279 2076 350 2111 tae
380 2076 597 2123 tenentur,
641 2069 958 2124 designandum
1001 2070 1245 2128 complures
1288 2069 1548 2113 adhibentur
1590 2085 1735 2115 voces.

279 2139 356 2183 Sic
386 2141 461 2183 ille
487 2141 624 2195 loeus,
656 2156 755 2183 eum
783 2142 918 2184 buvili
948 2148 1238 2199 comparetur,
1259 2138 1447 2197 „vraga“
1470 2141 1647 2184 dieitur:
1680 2142 1735 2187 ef.

279 2212 362 2268 Rg.
379 2212 467 2255 Vd.
485 2213 526 2267 4,
541 2213 608 2256 51.
626 2212 666 2255 2.

410 2284 451 2324 vi
483 2280 699 2340 vragasya
728 2290 911 2326 tamasas
940 2285 1074 2326 dvara
1102 2299 1238 2326 urvan
1269 2285 1345 2337 (se.
1373 2283 1599 2335 Ushasas).

409 2355 662 2412 aperiebant
696 2354 852 2398 buvilis
879 2362 1024 2412 portas
1055 2356 1260 2398 obscuras
1292 2358 1369 2410 (sc.
1401 2356 1638 2411 Aurorae).

412 2425 524 2468 Tum
538 2440 625 2468 vox
641 2424 896 2467 sanskritiea
912 2425 1059 2480 „adri“
1077 2426 1218 2468 eidem
1248 2425 1313 2468 rei
1344 2425 1656 2469 describendae
1671 2427 1732 2469 in-

279 2499 428 2541 servit.
455 2498 548 2540 adri
561 2499 746 2554 primum
761 2498 963 2554 lapidem,
980 2498 1139 2541 deinde
1159 2506 1349 2542 montem
1367 2500 1601 2556 significat3
1634 2517 1736 2558 quo-

277 2569 393 2613 niam
424 2570 562 2612 nubes
603 2569 647 2611 in
677 2568 815 2611 Vedis
859 2568 1113 2627 saepissime
1155 2570 1372 2613 montibus
1417 2578 1735 2630 comparantur,

277 2642 387 2684 haec
417 2656 503 2683 vox
534 2641 662 2683 etiam
691 2641 809 2682 idem
841 2642 968 2695 valet,
1000 2642 1114 2696 quod
1146 2643 1283 2684 nubes
1314 2642 1557 2697 (Gewolk).

409 2712 461 2757 ef.
491 2711 659 2768 Bhtlgk
688 2711 780 2756 und
808 2712 941 2757 Roth:
973 2712 1130 2760 Sskrit.
1174 2713 1481 2759 WrterbuchI
1512 2731 1551 2774 p.
1572 2715 1661 2759 133.

410 2786 463 2828 cf.
494 2786 577 2842 Rg.
609 2785 691 2827 Vd.
722 2786 759 2838 1,
776 2785 842 2838 62,
858 2786 897 2827 2.
