1984 3332
962 193 1042 237 104

271 319 344 356 aut
378 312 519 356 hiatus
547 312 726 356 illicitus
757 318 830 355 aut
855 312 1083 370 productio
1112 312 1256 356 brevis
1298 314 1491 371 syllabae
1531 315 1577 358 in
1621 329 1717 358 con-

269 401 417 429 sonam
446 386 615 429 literam
647 384 881 428 desinentis
911 385 976 429 his
1006 386 1224 429 vocabulis
1266 387 1528 442 efficeretur3
1563 384 1718 445 ὑσμίνη

271 458 385 503 enim
415 458 469 500 ad
494 458 674 502 eandem
699 457 894 502 radicem
909 459 1109 518 pertinet,
1124 473 1233 516 quae
1253 459 1359 503 latet
1379 460 1457 504 sub
1475 460 1605 502 verbo
1633 475 1725 503 san-

271 531 451 574 skritico
484 530 656 587 „yudh“
679 531 820 586 (curt.
835 546 876 588 p.
892 531 1005 587 355).
1040 531 1175 590 Apud
1203 531 1441 576 Homerum
1472 531 1717 590 saepissime

271 619 297 660 ῃ
327 603 373 645 in
404 602 489 645 arsi
518 607 619 645 ante
653 599 810 659 ὑσμίνη
841 602 1097 660 producitur
1122 604 1166 646 in
1196 604 1272 646 illa
1300 604 1497 659 formula,
1527 617 1634 660 quae
1660 609 1725 646 cst

272 690 334 734 ἐνὶ
362 683 558 750 κρατερῇ
575 688 729 748 ὑσμίνῃ
760 693 816 735 cf.
847 694 889 734 A
907 692 1002 734 462.
1031 695 1069 735 Ε
1087 692 1180 735 712.
1211 696 1263 735 H
1273 693 1339 734 18.
1372 695 1423 735 Λ
1442 692 1523 734 468
1566 696 1613 734 Ν
1630 690 1724 733 522.

271 763 540 807 11451.648.
561 764 652 807 788.
690 765 804 807 1⁷52.
840 765 988 806 (0207.
1027 763 1070 807 ἐν
1095 763 1245 822 σταδίῇ
1275 761 1433 821 ὑσμίνῃ
1463 767 1509 805 Ν
1515 763 1610 805 314.
1629 762 1723 804 713.

271 834 316 879 ἐν
343 834 481 894 μέσσῇ
511 832 664 892 ὑσμίνη
700 836 844 879 Υ245.

404 904 543 961 ὑμεῖς,
586 908 706 950 cuius
746 908 920 964 spiritus
951 920 1078 964 asper
1101 922 1124 949 e
1165 907 1354 965 spirante
1389 907 1563 965 palatali
1604 911 1722 949 ortus

276 985 341 1023 est
374 980 447 1034 (cf.
477 979 564 1022 skr.
595 978 831 1035 „yushme“
862 977 1000 1031 (Curt.
1030 992 1072 1035 Ρ.
1087 979 1202 1034 355),
1242 979 1436 1021 vocalem
1465 994 1500 1035 ῳ
1529 978 1572 1020 in
1611 977 1723 1020 thesi

274 1050 533 1107 produxisse
563 1049 756 1093 videtur:

325 1153 365 1193 P
382 1149 477 1193 444.
508 1138 674 1208 θνητῷ,
705 1145 832 1205 ὑμεῖς
858 1149 896 1193 δ’
917 1145 1041 1193 ἐστὸν
1070 1143 1219 1206 οἷγήρω
1252 1149 1288 1192 τ’
1320 1143 1529 1193 ἀθανάτω
1557 1163 1617 1192 τε.

270 1250 324 1292 cf.
354 1248 558 1292 Hoffm.I
590 1262 630 1305 p.
649 1248 704 1290 56
738 1249 792 1291 cf.
819 1262 862 1305 p.
883 1248 948 1290 78.

409 1320 500 1365 Sed
529 1335 627 1363 cum
656 1336 682 1376 ῃ
714 1319 759 1361 in
805 1319 954 1375 quavis
998 1319 1084 1362 arsi
1125 1319 1305 1377 produci
1349 1319 1485 1376 possit
1526 1319 1598 1374 (cf.
1629 1319 1727 1364 Η.Ι

271 1407 313 1449 p.
329 1393 402 1447 58)
434 1398 563 1448 atque
593 1392 756 1434 vocalis
785 1407 819 1448 ῳ
849 1391 892 1432 in
920 1390 1031 1434 thesi
1064 1390 1191 1433 etiam
1223 1390 1317 1433 aliis
1358 1391 1478 1441 locis,
1518 1391 1590 1433 ubi
1622 1405 1645 1433 e
1676 1391 1726 1433 li·

277 1464 382 1506 teris
412 1463 675 1521 spirantibus
705 1463 823 1505 nulla
838 1463 1060 1506 excusatio
1079 1463 1218 1519 repeti
1239 1468 1394 1519 potest,
1409 1463 1727 1518 longitudinem

275 1542 431 1589 servet,
473 1551 529 1578 ex
560 1535 622 1578 eis
651 1535 773 1589 locis,
816 1549 923 1590 quos
953 1534 1080 1577 modo
1109 1534 1248 1589 attuli,
1275 1534 1383 1577 nihil
1414 1534 1520 1577 certi
1551 1534 1605 1577 de
1633 1534 1725 1578 lite-

275 1607 334 1651 ris
368 1607 645 1666 spirantibus,
676 1621 782 1664 quae
812 1606 859 1648 in
888 1603 1041 1663 ὑσμίνη
1069 1612 1112 1649 et
1142 1603 1266 1662 ὑμεῖς
1295 1606 1521 1661 valuerint,
1552 1607 1723 1650 conclu—

275 1681 380 1723 dere
412 1680 633 1723 debemus.

404 1751 496 1794 Iam
527 1756 754 1810 postquam
784 1765 839 1793 ex
870 1750 931 1793 eis
959 1750 1187 1809 exemplis,
1218 1764 1326 1808 quae
1343 1749 1629 1792 Hoffmannus
1660 1754 1723 1790 at-

273 1824 385 1877 tulit,
426 1824 522 1865 illas
551 1837 681 1865 voces
711 1822 976 1879 excepimus,
1025 1837 1148 1877 quae,
1190 1823 1224 1864 si
1253 1822 1298 1864 in
1324 1822 1442 1864 hiatu
1471 1821 1633 1878 positae
1659 1822 1725 1863 in-

273 1892 523 1947 veniuntur,
553 1892 691 1935 literis
721 1892 986 1950 spirantibus
1019 1909 1062 1947 fi,
1086 1893 1119 1949 j,
1152 1907 1186 1948 s,
1216 1892 1369 1950 quibus
1399 1893 1570 1948 singula
1600 1905 1727 1933 voca-

275 1965 375 2008 bula
407 1964 638 2021 antiquitus
668 1965 877 2007 instructa
925 1979 1018 2007 esse
1061 1971 1104 2006 et
1131 1964 1486 2022 productionibus
1530 1963 1726 2007 brevium

275 2037 541 2094 syllabarum
574 2037 620 2078 in
648 2037 817 2079 literam
847 2051 1079 2080 consonam
1110 2037 1360 2079 exeuntum
1405 2043 1448 2079 et
1481 2036 1726 2092 linguarum

275 2109 595 2166 comparatione
629 2109 827 2163 efficitur,
859 2108 1081 2151 metricam
1112 2107 1410 2151 difficultatem
1440 2107 1559 2150 hiatu
1588 2113 1725 2149 ortam

275 2185 512 2234 removent,
542 2180 596 2222 de
622 2180 801 2236 reliquis
834 2180 954 2232 locis,
986 2180 1057 2222 ubi
1094 2180 1234 2223 hiatus
1267 2186 1420 2222 natura
1437 2178 1624 2222 firmiore
1641 2185 1725 2220 ter-

277 2252 558 2294 minationum
596 2258 839 2306 excusatur,
883 2255 1084 2307 agamus!
1144 2252 1194 2293 In
1231 2252 1327 2305 hac,
1369 2266 1475 2307 quae
1521 2250 1727 2306 sequitur,

275 2323 564 2381 disputatione
595 2322 822 2366 ostendere
855 2324 1056 2377 conabor,
1103 2322 1218 2380 apud
1260 2322 1498 2365 Homerum
1541 2320 1726 2365 inveniri

274 2395 438 2450 aliquot
467 2394 786 2436 terminationes
815 2395 859 2436 in
892 2395 1086 2437 vocalem
1115 2395 1284 2436 literam
1315 2394 1576 2442 desinentes,
1622 2409 1725 2449 quas

273 2467 319 2509 in
347 2466 523 2523 antiqua
553 2465 676 2524 epica
707 2466 827 2524 poesi
857 2472 1011 2509 natura
1040 2466 1242 2510 fortiores
1274 2467 1418 2519 fuisse,
1461 2466 1521 2508 ita
1555 2471 1602 2508 ut
1633 2465 1721 2508 hia·

272 2553 365 2596 tum
394 2539 554 2595 optime
587 2538 700 2580 ferre
729 2545 921 2594 possent,
963 2553 1118 2581 vocum
1151 2540 1423 2594 formatione,
1465 2538 1627 2593 linguis
1656 2553 1724 2580 co-

274 2611 421 2669 gnatis
451 2609 763 2664 adiuvantibus,
797 2610 989 2653 efficitur.
1057 2610 1313 2655 Firmiorem
1347 2618 1491 2654 autem
1529 2616 1725 2653 naturam

273 2697 325 2726 eo
355 2681 567 2726 contineri
602 2682 1007 2737 demonstrabimus,
1033 2682 1149 2739 quod
1177 2683 1274 2726 illas
1306 2683 1510 2740 syllabas,
1540 2695 1649 2739 quae
1679 2680 1724 2722 in

275 2755 447 2801 Graeca
475 2754 640 2811 lingua,
682 2754 819 2812 qualis
855 2755 979 2798 nobis
1010 2761 1075 2798 est
1103 2761 1281 2810 servata,
1323 2756 1478 2798 breves
1517 2768 1563 2796 se
1602 2766 1723 2811 prae-
