1984 3332
973 150 1028 191 ‘24

275 284 362 326 prs.
379 269 401 312 I
416 284 458 326 p.
473 270 518 325 7)
539 284 562 312 e
581 271 687 325 ose}
702 272 916 327 originem
936 272 1112 313 duxisse
1128 273 1268 314 forma
1283 269 1470 313 Zendica
1485 268 1729 322 „khshvas“

277 340 466 384 efficitur
498 342 550 385 cf.
580 341 717 401 Iusti:
746 341 949 385 Hdbuch.
981 341 1061 385 der
1078 341 1233 399 stpr.
1260 357 1302 399 p.
1320 340 1372 382 47
1406 345 1449 382 et
1475 339 1533 383 K.
1563 338 1729 383 Ztschr.

274 412 319 454 X
355 427 398 469 p.
417 412 512 455 238.
577 413 749 471 Lingua
776 411 941 467 Latina,
984 412 1245 468 digammate
1283 413 1452 466 amisso,
1492 427 1511 453 s
1540 409 1728 452 servavit

273 483 428 526 eodem
458 484 600 537 modo,
644 499 727 540 quo
773 498 930 540 graeco
974 484 1219 539 pronomini
1259 484 1409 526 tertiae
1440 495 1651 539 personae
1678 497 1756 523 fe-

272 554 301 596 i.
330 569 367 597 e.
399 569 476 598 afa
503 557 684 598 latinum
716 558 816 610 „se“
846 561 1048 597 accurate
1075 556 1324 611 respondet.
1384 555 1536 610 Itaque
1565 568 1659 594 cum
1687 552 1732 593 in

273 625 355 667 hac
385 641 492 669 voce
524 627 690 684 spirans
723 627 907 679 labialis,
948 632 995 668 ut
1023 626 1082 669 ita
1107 626 1257 680 dicam,
1301 641 1397 669 suas
1438 630 1562 682 gerat
1600 623 1730 678 vices,

276 696 482 740 Bekkero
511 698 649 740 forma
678 697 756 751 fe}
785 698 1051 741 restituenda
1082 705 1185 740 erat.
1246 701 1286 740 Β
1308 698 1404 740 587.
1432 697 1526 739 (510.
1577 698 1619 739 A
1638 696 1730 739 109.

277 771 316 813 E
340 769 435 813 270.
463 770 557 814 641.
588 773 639 813 Η
662 771 758 813 247.
797 773 841 814 Ψ
865 772 962 814 266.
991 771 1085 814 655.
1118 772 1159 813 Ω
1183 772 1278 814 399.
1312 771 1406 813 604.
1435 770 1535 815 Uno
1565 775 1731 811 tantum

276 842 374 883 loco
415 842 565 885 Iliadis
600 845 643 884 Ψ
670 843 763 885 741.
806 844 914 886 haec
955 859 1040 886 vox
1084 843 1301 900 digamma
1341 847 1606 901 aspernatur.
1682 839 1731 883 Si

275 912 485 955 rationem
512 914 721 957 habemus
751 915 954 957 adiectivi
984 915 1120 969 fffvog,
1150 913 1258 968 ἕνος,
1302 915 1418 969 quod
1447 914 1603 956 Latino
1639 925 1729 966 „se-

276 984 390 1026 nex“
407 986 744 1043 comparandum
766 993 846 1041 est,
873 987 982 1029 haec
1010 1001 1096 1029 vox
1125 986 1234 1029 nihil
1260 986 1557 1029 demonstrare
1574 990 1731 1042 potest,

278 1056 393 1113 quod
423 1057 570 1114 glossa
600 1059 813 1114 Hesychii
848 1059 992 1115 γέννον
1021 1084 1070 1090 -
1102 1053 1279 1113 ἀρχαῖον
1323 1063 1520 1114 suspecta
1564 1063 1628 1098 est
1675 1055 1729 1097 cf.

278 1127 400 1172 Curt.
430 1143 472 1185 p.
489 1129 585 1171 279.

408 1200 561 1257 Itaque
600 1217 695 1243 cum
736 1203 906 1245 Helena
951 1209 992 1245 et
1030 1203 1209 1246 Sarama
1248 1200 1487 1258 comparari
1530 1215 1617 1243 non
1659 1199 1724 1241 de-

280 1270 421 1325 beant,
442 1271 568 1314 nobis
585 1272 859 1316 statuendum
888 1279 965 1327 est,
983 1273 1209 1327 Helenam,
1232 1287 1340 1328 quae
1357 1287 1482 1314 causa
1501 1271 1606 1314 belli
1631 1271 1728 1324 fuit,

277 1343 421 1384 lucem
452 1344 711 1399 significare,
729 1351 856 1400 atque
890 1359 983 1387 esse
1015 1344 1292 1403 „dasapatnff
1328 1360 1383 1381 =
1413 1342 1622 1386 δέσποινα
1650 1341 1678 1385 i.
1696 1355 1732 1385 e.

281 1429 388 1468 eam,
419 1431 527 1473 quae
546 1416 591 1459 in
622 1417 878 1459 daemonum
909 1424 1122 1474 potestate
1155 1423 1363 1459 versatur.
1395 1417 1487 1458 Hoc
1519 1415 1731 1456 adiectivo

280 1486 326 1528 in
364 1486 525 1530 vedieis
555 1487 730 1544 hymnis
762 1495 952 1531 ornatam
979 1488 1148 1532 invenis
1195 1502 1348 1531 vocem
1393 1489 1500 1545 »ἂρα
1535 1505 1578 1525 z:
1610 1501 1731 1544 aqua.

283 1558 456 1601 Vaccae
497 1560 610 1601 enim
652 1568 694 1602 et
736 1562 876 1604 lucem
920 1568 962 1603 et
1003 1576 1134 1616 aquas
1178 1561 1403 1613 coelestes,
1445 1574 1548 1615 quas
1590 1558 1731 1601 eidem

284 1630 516 1674 daemones
545 1632 748 1687 retinent,
778 1632 1022 1688 significant
1052 1632 1103 1675 ef.
1133 1631 1316 1687 Rg.Vd.
1334 1631 1368 1684 1,
1385 1631 1452 1674 32.
1472 1631 1536 1672 11.

472 1703 721 1760 dasapatnir
746 1704 954 1760 abigopa:
985 1703 1197 1758 atishthan
1222 1701 1440 1745 niruddh‘a
1468 1703 1570 1759 apa:

283 1774 466 1831 „Aquae
492 1774 538 1816 in
566 1774 824 1817 daemonum
849 1781 1063 1832 potestate
1094 1780 1303 1826 versatae,
1343 1774 1395 1815 ab
1427 1773 1517 1816 Ahi
1545 1772 1735 1816 custodi-

282 1851 365 1899 tae,
395 1846 564 1888 stabant
592 1846 797 1888 vinctae.“

411 1916 534 1958 Idem
577 1917 706 1959 sentit
736 1918 882 1960 Sonne
909 1917 966 1960 K.
997 1917 1160 1959 Ztschr.
1183 1916 1268 1957 XV
1301 1932 1341 1972 p.
1364 1915 1455 1958 106.
1517 1915 1731 1960 Usholdio

284 1987 313 2031 l.
344 2001 381 2030 e.
410 2001 452 2044 p.
472 1987 553 2030 144
583 1988 668 2046 qui,
704 2004 799 2036 cum
832 1990 936 2033 haec
967 1989 1177 2047 disputet:
1213 1986 1418 2031 Helena's
1450 1986 1734 2044 Entfiihruny

282 2059 415 2100 durch
451 2059 576 2101 Paris
610 2061 849 2102 bezeichnen*
881 2061 974 2102 also
1010 2059 1162 2101 Nichts
1194 2060 1405 2111 Anderae,
1437 2059 1503 2100 als
1538 2073 1622 2101 was
1655 2058 1733 2100 der

283 2128 406 2171 Raab
445 2129 521 2172 der
551 2129 733 2187 Europa
774 2130 906 2173 durch
948 2131 1059 2173 Zeus
1105 2131 1312 2183 bedentet,
1359 2131 1396 2173 d.
1429 2130 1467 2171 h.
1513 2130 1589 2172 das
1630 2130 1734 2171 Ver-

281 2198 527 2240 sehwinden
555 2200 627 2240 des
665 2199 843 2241 Mondes
875 2216 943 2242 am
974 2199 1166 2241 Himmel
1186 2199 1395 2242 Helenam
1426 2201 1572 2243 lunam
1600 2201 1734 2258 signi-

285 2271 416 2314 ficare
445 2270 603 2324 statuit,
629 2271 728 2314 ideo
754 2273 951 2316 assentiri
981 2288 1069 2315 non
1098 2288 1287 2331 possum,
1317 2272 1430 2330 quod
1454 2273 1658 2316 Paridem
1688 2274 1734 2316 in

281 2343 364 2385 hoe
397 2344 547 2399 mytho
578 2344 687 2386 lucis
719 2344 845 2387 deum
871 2360 964 2389 esse
982 2346 1133 2401 voluit,
1162 2345 1204 2388 id
1222 2344 1338 2402 quod
1365 2345 1460 2388 fieri
1483 2359 1572 2388 non
1604 2359 1732 2402 posse

285 2431 414 2474 supra
446 2416 726 2460 ostendimus.
782 2419 875 2461 Iam
916 2433 1011 2460 cum
1041 2414 1184 2473 Πάρις
1220 2400 1473 2461 daemo'nem
1514 2416 1733 2472 vedicum,

284 2488 356 2544 qui
385 2488 541 2531 dicitur
558 2488 724 2547 „pani“‚
755 2494 1064 2546 repraesentet,
1086 2490 1294 2546 sequitur,
1319 2495 1367 2532 ut
1395 2489 1441 2532 in
1464 2487 1732 2532 Graecorum

282 2560 482 2604 exercitu
512 2560 641 2604 deum
663 2561 849 2604 solarem
867 2575 1075 2618 quaerere
1097 2561 1347 2617 debeamus,
1373 2576 1501 2617 quem
1523 2562 1568 2603 in
1585 2561 1732 2617 priore

282 2631 353 2674 Ilii
384 2630 545 2675 excidii
572 2631 809 2675 Heraclem
839 2630 972 2674 fuisse
1006 2630 1293 2687 ostendimus3
1323 2637 1451 2690 atque
1467 2632 1583 2676 hunc
1601 2632 1732 2676 fuisse

281 2704 521 2759 Achillem,
549 2703 644 2759 quis
672 2709 749 2757 est,
782 2701 854 2757 qui
882 2702 1053 2759 neget?
1083 2701 1202 2745 Mors
1230 2701 1358 2747 huius
1392 2702 1537 2746 herois
1564 2717 1732 2761 compa-
