1984 3332
949 226 1004 268 86

249 361 360 406 quae
388 347 503 391 inest
530 348 628 391 voci
658 341 739 403 εἶς,
769 346 990 405 pertinere
1018 345 1310 402 statuerimus,
1350 345 1491 389 hiatus
1518 346 1710 402 illicitus,

249 419 322 477 qui
356 433 462 462 voce
492 417 674 470 ἕκαστος
713 419 915 471 efficitur,
956 418 1118 474 optime
1160 418 1287 460 litera
1325 418 1481 460 initiali
1508 434 1542 471 s,
1572 433 1596 461 e
1626 433 1711 475 qua

249 491 450 548 spiritum
478 505 679 548 asperum
709 497 851 533 ortum
880 504 973 533 esse
1007 489 1412 544 demonstravimus,
1449 490 1709 547 explicatur.

251 563 454 618 Accedit,
481 569 529 606 ut
558 563 687 606 etiam
721 562 833 605 aliae
873 576 1017 616 voces,
1063 577 1172 621 quae
1202 579 1227 605 a
1267 563 1402 622 stirpe
1448 561 1707 605 sanskritica

250 635 396 689 „sam“
426 635 472 677 in
502 636 696 688 „samas“
729 634 981 677 derivantur
1024 632 1142 689 (ἅμα,
1181 629 1259 687 εἷς,
1303 631 1486 690 ἑκατόν),
1525 634 1710 690 vestigia

248 707 366 765 apud
394 707 636 750 Homerum
664 706 937 762 reliquerint,
983 721 1093 764 quae
1133 706 1168 749 si
1199 706 1515 765 persequimur,
1558 706 1710 750 literae

247 778 403 820 initiali
433 793 453 819 s
482 779 643 820 favent.

384 848 495 892 Cum
514 863 564 891 ea
581 848 730 906 stirpe,
747 862 857 906 quae
878 849 984 891 latet
1003 849 1083 891 sub
1099 848 1312 891 adiectivo
1342 848 1597 892 sanskritico
1618 864 1708 903 „sa—

249 920 381 975 mas“,
411 920 645 963 cohaerere
665 920 841 962 videtur
871 920 1114 977 praefixum
1145 922 1244 974 „sa“
1267 920 1344 974 (cf.
1361 920 1611 975 sagarbhjas
1628 920 1655 963 i.
1671 934 1707 962 e.

252 991 537 1047 couterinus),
581 991 698 1048 quod
745 992 791 1034 in
832 991 983 1047 lingua
1014 991 1187 1035 Graeca
1216 997 1432 1034 servatum
1460 998 1526 1034 est
1554 992 1600 1034 in
1631 991 1708 1034 illo

249 1059 295 1119 οἷ,
325 1063 443 1120 quod
473 1063 624 1106 dicunt
651 1063 959 1122 copulativam.
1002 1063 1153 1119 Itaque
1183 1077 1270 1106 non
1292 1063 1459 1118 dubito,
1488 1063 1592 1121 quin
1613 1077 1708 1120 pro-

250 1135 477 1178 ductiones
505 1136 702 1179 brevium
733 1135 998 1192 syllabarum
1028 1141 1129 1177 antc
1157 1135 1266 1177 illud
1284 1130 1328 1189 οἷ,
1359 1134 1483 1178 litera
1512 1150 1546 1189 s,
1573 1149 1597 1177 e
1628 1150 1710 1192 qua

250 1207 449 1264 spiritum
481 1213 623 1252 ortum
658 1222 752 1249 esse
784 1212 962 1259 constat,
996 1212 1273 1248 excusentur.
1323 1205 1397 1250 Sic
1425 1212 1525 1249 ante
1555 1200 1711 1259 ὄῖλοχος

250 1278 585 1336 productionem
616 1277 861 1320 invenimus

717 1354 759 1392 Z
772 1349 869 1393 366.
898 1345 1054 1405 οἰκῆᾶς
1083 1340 1252 1402 ἷίλοχον.

383 1423 564 1478 Longae
591 1422 763 1464 vocales
793 1422 838 1464 in
857 1421 943 1463 arsi
962 1427 1063 1463 ante
1078 1414 1235 1474 ἄλοχος
1255 1420 1557 1479 producuntur
1573 1422 1707 1465 1556.

250 1495 407 1538 A162.
433 1494 549 1537 1³28.
610 1494 679 1536 De
710 1488 867 1547 ἄλοχος
894 1493 951 1536 cf.
984 1492 1217 1536 Gurt.351.

385 1565 461 1609 Ad
490 1564 673 1608 eandem
701 1565 932 1621 originem,
961 1564 1081 1607 cuius
1110 1571 1175 1607 est
1202 1580 1230 1606 α
1260 1564 1306 1607 in
1320 1557 1487 1618 ἄλοχος,
1518 1565 1712 1608 referen-

253 1640 357 1683 dum
387 1644 452 1681 est
481 1653 509 1680 α
538 1638 585 1680 in
622 1632 878 1688 οἷτάλαντος.
959 1637 1022 1682 Ut
1066 1636 1180 1679 enim
1224 1629 1389 1689 ἅπεδος
1426 1636 1542 1679 idem
1580 1637 1710 1692 valet,

255 1710 371 1768 quod
387 1706 598 1760 ἶσόπεδος
614 1710 669 1751 cf.
683 1709 806 1752 Curt.
820 1725 862 1767 p.
879 1709 976 1763 351,
1003 1708 1157 1751 eodem
1186 1708 1314 1751 modo
1335 1702 1571 1760 ἀτάλαντος
1594 1709 1711 1752 idem

252 1782 479 1838 significat,
525 1781 641 1837 quod
673 1775 771 1825 ἶσον
810 1777 1018 1824 τάλαντον
1062 1777 1174 1834 ἔχων
1197 1779 1224 1824 i.
1255 1794 1292 1823 e.
1320 1774 1429 1832 ἶσος.
1501 1781 1570 1825 De
1605 1795 1712 1824 voce

251 1852 463 1899 τάλαντον
493 1855 547 1897 cf.
580 1855 702 1898 Curt.
722 1854 814 1896 199.
869 1854 950 1896 Est
982 1854 1116 1908 igitur
1144 1848 1383 1905 ἀτάλαντος
1414 1854 1713 1911 compositum,

253 1926 369 1985 quod
399 1925 670 1984 grammatici
701 1925 843 1968 Indici
875 1924 1034 1979 dicunt,
1067 1924 1366 1981 „bahuvrihi.“
1420 1925 1538 1968 Illud
1570 1924 1709 1968 adiec-

252 1999 387 2041 tivum
412 1999 528 2056 apud
540 1998 782 2040 Homerum
814 1997 857 2038 in
890 1997 1132 2052 antiquiore
1162 1996 1346 2038 formula
1377 2012 1396 2038 s
1427 1996 1591 2039 initiale
1622 2011 1710 2040 ser-

253 2085 378 2114 vasse
409 2070 607 2113 videtur:

573 2141 628 2183 cf.
656 2143 697 2183 B
724 2140 816 2183 169.
846 2139 918 2182 Διὶ
945 2140 1082 2195 μῆτῖν
1113 2134 1353 2182 ἀτάλαντον

715 2212 812 2255 407·
874 2246 895 2267 n
983 2245 1004 2265 n
1198 2244 1219 2264 n

657 2287 702 2326 K
718 2284 811 2326 137.
872 2313 891 2333 „
981 2318 1000 2338 ,‚
1196 2317 1217 2337 „

656 2359 696 2397 B
713 2356 808 2398 636.
867 2388 887 2408 ,‚
975 2387 996 2408 ‚,
1112 2351 1346 2405 ἀτάλαντος

653 2429 706 2467 Η
736 2427 804 2468 47.
865 2459 886 2479 „
973 2459 994 2479 „
1110 2421 1316 2484 ἀτάλαντε

655 2496 808 2538 A200.
868 2531 888 2552 „
975 2529 996 2550 „
1191 2528 1212 2549 ,‚

363 2566 650 2610 Hoffmannus
673 2583 714 2625 p.
736 2568 817 2610 100
831 2582 854 2610 e
870 2568 1065 2610 locorum
1091 2581 1270 2610 numero
1294 2584 1335 2611 ιν
1356 2568 1708 2611 terminationem

257 2639 492 2697 ancipitem
513 2640 646 2683 fuisse
665 2640 845 2696 colligit.
877 2639 988 2684 Cum
1007 2645 1150 2683 autem
1168 2646 1349 2695 constet,
1378 2636 1409 2684 οἷ
1424 2641 1468 2683 in
1483 2635 1717 2693 ἇτάλαντος

259 2710 455 2754 eiusdem
470 2710 651 2766 originis
667 2725 775 2767 esse,
793 2711 914 2754 cuius
930 2717 995 2755 est
1011 2712 1309 2755 sanskriticum
1328 2713 1438 2768 „sa,“
1452 2713 1519 2755 his
1530 2713 1635 2755 locis
1649 2726 1716 2755 ea-

254 2784 355 2826 dem
380 2784 672 2841 explicatione
697 2791 810 2838 utor,
835 2799 961 2839 quam
976 2784 1020 2825 in
1041 2799 1148 2827 voce
1175 2779 1331 2838 ἄλοχος
1356 2785 1582 2843 amplexus
1600 2801 1709 2829 sum.
