1984 3332
907 178 959 220 16

200 295 458 338 memoriam
487 296 679 339 nondum
709 297 799 340 ulla
830 297 1043 341 deleverit
1070 298 1244 351 oblivio,
1275 299 1321 342 in
1349 299 1475 356 epica
1496 301 1656 345 descri-

199 366 348 423 ptione
392 367 572 411 alterius
615 369 791 425 excidii,
835 369 936 413 huic
977 370 1073 413 urbi
1107 386 1132 412 a
1163 370 1344 415 Graecis
1373 372 1526 430 parati,
1569 361 1654 417 iam

201 439 350 482 sedem
381 445 425 482 et
454 440 576 483 urbis
604 447 647 482 et
674 454 851 498 pugnae
879 458 904 484 a
948 442 1070 485 coelo
1116 442 1162 484 in
1207 449 1366 486 terram
1404 445 1656 487 translatam

199 528 294 557 esse
321 520 370 556 ut
403 514 609 568 dicamus,
651 515 775 558 nobis
803 516 885 558 alia
916 521 1172 571 argumenta
1198 515 1473 574 persuadent.
1544 514 1655 559 Cum

199 586 314 628 enim
347 593 533 643 constet,
547 594 718 646 raptum
733 587 1157 644 Helenae,aParide
1185 594 1497 647 perpetratum,
1522 587 1655 631 fuisse

200 676 371 704 causam
405 661 526 717 belli,
574 678 598 704 a
634 662 819 707 Graecis
850 670 1003 706 eontra
1032 663 1243 707 Troianos
1273 663 1400 718 gesti,
1448 663 1656 720 sequitur,

195 738 258 787 ut,
288 733 323 775 si
352 734 567 789 mythum,
610 734 684 791 qui
713 735 797 778 hoc
826 742 953 793 raptu
987 735 1258 790 describitur,
1300 735 1519 794 explicare
1556 749 1654 792 pos-

195 819 358 859 sumus,
400 820 451 847 eo
492 805 775 856 adducamur,
825 813 874 849 ut
913 807 966 850 de
1010 822 1175 850 summo
1216 813 1490 864 argumento,
1538 807 1654 864 quod

195 875 332 919 Iliade
363 877 623 932 continetur,
656 884 822 921 rectum
853 878 1088 921 habeamus
1118 878 1339 934 iudicium,
1370 885 1499 935 atque
1528 885 1576 921 ut
1603 880 1648 922 in

195 949 326 1004 epica
356 950 592 992 Persarum
619 950 739 1005 poesi
759 965 953 1006 pugnam
969 950 1214 994 Feredunis
1241 958 1394 994 contra
1408 950 1654 994 Zohakium

199 1024 431 1076 tyrannum
460 1035 547 1063 non
575 1035 623 1063 re
653 1036 757 1064 vera
786 1021 1073 1075 commissam,
1116 1021 1191 1063 sed
1225 1021 1429 1079 paulatim
1472 1038 1496 1063 a
1530 1022 1652 1064 coelo

193 1091 247 1133 ad
281 1099 440 1134 terram
470 1093 723 1135 translatam
755 1108 848 1136 esse
877 1093 1074 1148 vidimus,
1114 1094 1175 1135 sic
1215 1093 1345 1136 etiam
1381 1094 1427 1137 in
1458 1094 1653 1137 Graeco—

194 1178 289 1206 rum
318 1162 454 1206 Iliade
484 1162 735 1220 Homerica,
765 1170 812 1206 ut
839 1164 1008 1222 opinor,
1035 1179 1184 1222 pugna
1204 1164 1419 1218 coelestis,
1450 1179 1537 1207 non
1567 1171 1652 1207 ter-

193 1235 356 1289 restris,
401 1235 674 1278 describitur.
729 1236 782 1278 In
824 1236 900 1277 illo
938 1236 1092 1278 vedico
1138 1237 1307 1292 mytho,
1350 1251 1480 1293 quem
1522 1251 1653 1293 supra

191 1307 314 1350 brevi
347 1308 543 1364 exposui,
573 1307 820 1362 daemones,
851 1308 924 1364 qui
954 1308 1097 1351 lucem
1122 1309 1166 1350 in
1193 1321 1294 1350 arce
1324 1308 1535 1350 occultam
1584 1315 1650 1350 te-

191 1385 308 1430 nent,
340 1380 584 1435 „panayas“
620 1379 692 1431 (N.
724 1379 801 1435 Sg.
834 1379 954 1436 pani)
986 1379 1275 1421 nominantur.
1323 1379 1486 1435 „Pani“
1517 1379 1648 1434 signi-

190 1450 292 1493 ficat
324 1457 627 1506 mercatorem,
668 1450 1004 1507 negotiatorem,
1039 1451 1275 1508 praecipue
1310 1451 1449 1505 illum,
1488 1450 1560 1507 qui
1589 1450 1647 1503 id,

191 1522 306 1578 quod
336 1523 458 1564 lucro
488 1522 688 1579 improbo
719 1522 763 1563 in
791 1536 885 1564 rem
917 1537 1039 1564 suam
1065 1523 1302 1580 convertit,
1330 1524 1443 1565 iusto
1474 1522 1648 1564 domino

190 1593 422 1637 restituere
450 1609 538 1636 non
566 1593 681 1647 vult3
713 1608 841 1649 quam
874 1593 928 1636 ob
960 1608 1052 1636 rem
1078 1593 1161 1637 hoc
1188 1593 1504 1636 substantivum
1532 1592 1646 1635 idem

190 1666 322 1721 valet,
360 1665 475 1723 quod
520 1665 665 1721 „fur;“
709 1679 794 1720 quo
837 1679 968 1707 sensu
1005 1664 1265 1723 amplificato
1295 1665 1446 1707 eadem
1475 1679 1562 1706 vox
1595 1662 1646 1706 ad

193 1739 353 1780 malum
384 1738 607 1780 hominem
638 1744 682 1779 et
707 1738 940 1794 praecipue
980 1738 1078 1780 illos
1107 1737 1354 1792 daemones,
1397 1738 1468 1792 qui
1497 1751 1646 1779 vaccas

192 1810 351 1853 Indrae
383 1809 571 1852 reddere
602 1810 771 1866 nolunt,
793 1809 1104 1853 describendos
1129 1809 1369 1852 adhibetur.
1402 1809 1456 1853 cf.
1475 1808 1648 1865 Benfey

192 1883 236 1923 in
266 1882 635 1924 K.Ztschr.V111.
666 1896 707 1937 p.
731 1882 795 1924 15.
827 1882 1010 1937 Bhtlgk.
1040 1898 1081 1924 u.
1104 1881 1217 1924 Roth
1251 1881 1645 1935 Petersbrg.W6r-

190 1953 339 1996 erbch.
359 1951 438 1995 IV.
457 1968 499 2010 p.
514 1953 608 1996 339.
666 1952 765 1995 Vox
797 1953 896 2010 pani
927 1952 1141 2008 originem
1171 1952 1291 1995 ducit
1318 1968 1343 1994 a
1371 1952 1515 1995 radice
1540 1966 1641 2010 pan,

193 2025 262 2068 cui
292 2026 407 2068 inest
436 2026 555 2068 notio
578 2026 846 2081 negotiandi,
867 2025 1171 2068 commutando
1198 2024 1361 2080 aliquid
1380 2024 1646 2079 acquirendi,

194 2096 384 2140 emendi.
421 2096 615 2139 Verbum
648 2103 789 2139 autem
822 2102 956 2154 „pan“
987 2111 1010 2138 e
1041 2096 1203 2154 „parn“
1236 2095 1518 2138 derivandum
1550 2109 1645 2137 csse

193 2169 295 2211 satis
340 2176 457 2211 certe
500 2169 811 2211 demonstravit
852 2169 1026 2223 Benfey
1066 2169 1093 2212 1.
1127 2184 1163 2210 c.
1208 2167 1342 2225 p0173
1389 2182 1485 2209 cum
1531 2166 1646 2210 enim

189 2240 315 2283 radix
348 2242 479 2298 „par“
501 2240 547 2282 in
577 2240 726 2297 lingua
757 2240 1014 2283 sanskritica
1042 2254 1206 2282 nonum
1224 2238 1428 2281 flexionis
1446 2238 1642 2281 ordinem

189 2320 460 2369 sequeretur,
498 2313 732 2370 praeritica
761 2314 910 2368 lingua
943 2312 1176 2354 adiuvante
1206 2312 1265 2353 ita
1296 2312 1340 2353 in
1369 2326 1452 2368 pan
1484 2316 1646 2352 mutata

190 2392 269 2440 est,
299 2393 347 2428 ut
375 2400 398 2427 e
429 2400 538 2443 parn
565 2385 753 2442 primum
784 2385 967 2442 „pannf‘
1000 2383 1158 2426 deinde
1186 2399 1267 2441 pan
1300 2388 1511 2425 oreretur.
1558 2383 1641 2426 Ita-

188 2471 273 2512 que
302 2457 347 2498 in
379 2472 494 2514 „pan
525 2464 567 2499 et
598 2456 746 2514 panis“
777 2471 813 2509 r,
854 2456 969 2510 quod
1008 2462 1073 2497 est
1102 2454 1267 2512 stirpis,
1297 2454 1514 2497 excidisse
1542 2468 1642 2496 con-

185 2535 284 2583 stat,
315 2528 431 2586 quod
462 2528 605 2570 adhuc
635 2533 855 2570 servatum
882 2526 1091 2570 habemus
1117 2527 1162 2570 in
1185 2526 1456 2571 Graecorum
1485 2526 1642 2568 verbo:

184 2600 383 2656 πέρνημι.
417 2600 492 2643 Ad
510 2600 693 2641 verbum
713 2599 1019 2641 sanskriticum
1043 2600 1172 2656 „par“
1199 2599 1421 2656 (priyate),
1453 2598 1568 2655 quod
1597 2598 1642 2640 in

184 2687 316 2729 par-n
358 2671 666 2729 amplificatum
699 2684 794 2712 esse
839 2670 966 2712 modo
1007 2670 1411 2724 demonstravimus,
1453 2669 1643 2727 pertinet

185 2746 404 2791 Graecum
425 2743 646 2799 πρίασθαι
665 2744 721 2787 cf.
739 2743 862 2787 Curt.
879 2757 921 2800 p.
937 2742 1034 2798 246,
1056 2742 1185 2800 quod,
1210 2758 1306 2785 cum
1325 2741 1489 2785 vocalis
1505 2741 1642 2796 litera,
