1984 3332
997 198 1079 240 114

302 316 465 360 formas
495 323 676 376 propter
705 318 923 361 inscitiam
953 318 1083 374 legis,
1117 331 1226 376 quac
1258 331 1310 360 eo
1340 317 1627 375 contineatur,
1646 319 1763 376 quod

302 394 402 446 post
429 390 610 433 brevem
638 391 833 433 vocalem
862 390 969 433 arsis
1010 390 1155 434 locum
1194 389 1463 433 obtinentem
1491 406 1519 432 s
1548 389 1760 448 duplicari

299 461 453 517 possit,
483 477 509 503 a
535 461 679 519 poeitis
709 462 907 505 iuventas
939 476 1034 505 esse
1062 461 1220 504 statuit.

433 532 574 576 Etiam
606 550 630 577 ο
659 533 705 575 in
735 531 825 590 πρό
858 535 972 592 apud
1001 534 1240 578 Homerum
1270 535 1434 578 hiatum
1468 535 1629 593 optimc
1644 534 1760 577 ferre

301 605 510 661 potuisse,
538 605 806 660 quaestione.-
824 607 878 648 de
910 606 1001 649 eius
1024 606 1193 663 origine
1215 606 1410 649 instituta
1426 607 1759 650 demonstratur.

302 675 493 719 Accedit
521 676 637 733 quod
671 676 777 719 haec
808 678 1083 741 praepositio⁴
1106 693 1203 721 raro
1233 678 1456 722 elisionem
1502 677 1660 736 patitur
1705 678 1758 720 cf.

299 749 465 791 Hoffm.
481 750 505 791 I
534 764 575 806 p.
599 750 666 792 81.

431 821 611 864 Hiatum
643 821 801 865 efficit:

497 915 539 956 A
558 913 650 956 156.
678 907 776 957 οἷον
802 910 1054 972 προστήσας
1083 911 1172 971 πρὸ
1202 908 1396 969 Ἀχαιῶν.

498 986 652 1028 K286.
683 985 727 1037 ἐς
758 983 916 1043 Θήβας,
949 984 1021 1029 ὅτε
1051 1002 1098 1029 τε
1129 985 1216 1043 πρὸ
1247 989 1437 1041 Λχαιῶν.

496 1060 539 1101 Δ
558 1058 653 1102 382.
684 1054 724 1101 οἱ
754 1058 790 1101 δ’
823 1058 921 1101 ἐπεὶ
952 1050 1028 1101 οὖν
1057 1052 1220 1116 ᾤχοντο
1240 1057 1306 1102 ἰδέ
1323 1056 1412 1113 πρὸ
1430 1055 1533 1102 ὁδοῦ
1551 1058 1758 1115 ἐγένοντο.

432 1152 544 1196 Cum
574 1152 839 1211 praepositio
872 1153 1125 1196 sanskritica
1167 1155 1311 1210 „pra‚“
1351 1153 1416 1196 cui
1458 1149 1546 1208 πρό
1586 1167 1754 1210 compa-

298 1226 482 1268 randum
513 1232 591 1277 est,
620 1226 663 1268 in
694 1225 861 1268 vedicis
891 1226 1065 1281 hymnis
1096 1227 1231 1269 semel
1257 1226 1510 1283 productam
1542 1225 1756 1280 syllabam

298 1297 423 1339 nobis
454 1297 610 1339 offerat
638 1297 715 1351 (cf.
750 1298 861 1353 pra),
893 1299 946 1340 cf.
977 1298 1155 1340 Kuhnl.
1183 1314 1216 1340 c.
1253 1313 1294 1354 p.
1312 1298 1410 1351 409,
1449 1303 1578 1353 atque
1607 1297 1759 1353 lingua

292 1370 447 1414 Latina
476 1370 635 1413 formas
653 1371 803 1428 „prof
833 1372 930 1427 pro,
950 1370 1090 1430 >prdd-
1110 1370 1360 1423 servaverit,
1377 1369 1471 1413 veri
1488 1369 1757 1413 simillimum

292 1449 372 1497 est,
403 1459 427 1484 ο
457 1442 501 1484 in
532 1439 621 1497 πρό
650 1443 859 1499 simplicis
896 1446 974 1496 „a“
1008 1458 1189 1486 munere
1222 1458 1312 1484 non
1342 1442 1478 1497 fungi.
1513 1442 1624 1485 Nam
1658 1457 1756 1499 pro-

293 1514 439 1557 ductio
456 1514 621 1557 vocalis
638 1530 663 1556 a
685 1514 729 1556 in
746 1515 1003 1558 sanskritico
1034 1517 1165 1573 „praf‘
1187 1514 1354 1558 literam
1386 1521 1484 1571 post
1524 1516 1600 1569 »αα
1631 1516 1754 1559 amis-

297 1603 388 1629 sam
418 1601 513 1629 esse
543 1585 748 1641 ostendit,
786 1586 832 1628 id
864 1586 978 1644 quod
1009 1587 1186 1629 zendica
1215 1588 1354 1628 forma
1385 1587 1519 1641 „frof‘
1553 1601 1663 1642 quae
1693 1587 1754 1628 vi·

295 1673 390 1701 cem
437 1657 771 1715 praepositionis
814 1658 932 1711 „fra“
972 1658 1099 1712 gerit,
1143 1658 1350 1700 firmatur.
1425 1657 1481 1700 ef.
1513 1658 1622 1699 Iusti
1653 1658 1679 1701 l.
1710 1673 1746 1700 c.

293 1746 335 1788 p.
350 1730 447 1773 205.
478 1730 793 1772 Hancliteram
814 1745 832 1771 s
864 1730 998 1772 fuisse
1030 1729 1238 1787 suspicari
1271 1729 1421 1771 ausim.
1455 1730 1623 1786 Itaque,
1656 1745 1750 1773 cum

293 1818 317 1845 ο
349 1802 393 1843 in
424 1797 514 1856 πρό
543 1815 600 1843 ex
634 1802 731 1854 „as“
766 1807 906 1844 ortum
939 1815 1035 1843 esse
1065 1800 1425 1843 verisimillimum
1458 1801 1526 1857 sit,
1564 1802 1628 1844 illi
1657 1802 1755 1854 loci,

292 1874 366 1916 ubi
396 1871 486 1928 πρό
514 1872 674 1914 hiatum
712 1873 912 1915 effecisse
943 1873 1130 1927 videtur,
1160 1887 1184 1915 e
1213 1873 1408 1916 firmiore
1437 1873 1563 1916 huius
1593 1873 1754 1916 vocalis

292 1952 445 1988 natura
471 1944 626 1987 iustam
661 1950 864 2000 repetunt
893 1945 1231 1988 excusationem.

426 2017 674 2060 Pronomen
707 2017 1091 2060 demonstrativum
1124 2016 1147 2061 ὁ
1165 2036 1219 2055 =
1237 2034 1349 2073 ‚‚sas,
1378 2019 1466 2074 sa“,
1496 2020 1612 2075 quod
1628 2019 1752 2061 Hoff-

295 2103 454 2131 manno
487 2087 598 2131 duce
628 2089 699 2143 (cf,
722 2090 743 2131 I
771 2104 813 2145 p.
825 2090 897 2142 80)
930 2106 1163 2147 numquam
1193 2091 1331 2133 crasin
1359 2091 1534 2148 patitur,
1562 2091 1606 2133 in
1635 2091 1750 2134 hiatu

289 2159 476 2218 positum
506 2158 640 2201 habes

344 2235 398 2273 A
407 2232 489 2273 333

347 2312 386 2353 Θ
406 2310 489 2352 446

289 2395 397 2438 quos
414 2381 534 2423 locos
549 2380 603 2422 ad
629 2379 949 2435 antiquissimas
978 2386 1125 2437 partes
1141 2381 1290 2423 Iliadis
1318 2382 1539 2439 pertinere
1570 2388 1737 2424 constat

289 2453 342 2496 cf.
375 2452 539 2497 Fulda:
571 2451 871 2508 Untersuchg.
906 2468 945 2509 p.
966 2453 1057 2495 111.

506 2232 685 2364 }a‘13‘co?9
715 2267 739 2312 ὁ
772 2268 880 2325 ἔγνω
908 2272 1034 2328 Ὲῇσιν
1064 2270 1126 2313 ἐνὶ
1154 2271 1297 2328 φρεσί,
1327 2268 1527 2329 φώνησέν
1557 2288 1605 2314 τε

344 2557 366 2595 1
375 2552 488 2595 ¹379.
519 2546 653 2608 αὐτὰρ
683 2548 706 2594 ὁ
736 2547 805 2608 ὂψ
834 2548 1053 2607 ἐπόρουσε
1079 2550 1390 2610 κατακτάμεναι
1419 2554 1665 2611 μενεαίνων.

344 2626 465 2667 (1233.
522 2620 657 2680 αὐτὰρ
689 2622 713 2667 ὁ
743 2621 812 2680 ἂψ
843 2622 1058 2680 ἐπόρουσε
1087 2627 1327 2682 δαιζέμεναι
1354 2628 1590 2683 μενεαίνων

340 2700 379 2741 Ε
396 2697 489 2741 142.
520 2691 654 2753 αὐτὰρ
684 2695 708 2740 ὁ
739 2694 971 2753 ἐμμεμαώς

341 2771 486 2812 Θ271.
516 2766 650 2825 αὐτὰρ
679 2767 703 2812 ὁ
733 2762 867 2820 αὖτις.
