1984 3332
881 234 936 276 79

178 354 508 413 investigandae
538 355 653 398 viam
680 353 866 397 maxime
885 353 1096 397 incertam
1125 366 1237 408 esse,
1266 352 1448 410 quisque
1478 351 1644 395 intelli-

177 433 294 484 geat,
309 426 563 484 praesertim
580 439 679 468 cum
698 425 880 466 formam
895 423 1192 466 sanskriticam
1208 424 1419 478 „avanas“
1434 423 1555 466 nullo
1571 438 1642 466 ar-

177 505 387 556 gumento
426 497 641 541 firmatam
680 510 776 540 esse
814 495 1072 540 consideret.
1142 495 1337 539 Rectam·
1364 495 1478 538 viam
1517 495 1645 538 huius

176 571 295 614 vocis
324 569 616 629 explicandae
651 569 879 625 ingressus
911 576 974 612 est
1005 568 1183 612 Ahrens
1214 567 1439 623 (Ztschrift
1471 567 1544 611 fiir
1572 568 1644 611 die

175 641 756 687 Alterthumswissensehaft
801 641 909 685 1844
935 640 1018 685 No.
1040 642 1077 684 7.
1097 640 1123 684 8
1154 656 1197 698 p.
1212 640 1410 697 52—61),
1450 655 1549 684 eum
1576 634 1644 693 εἷς

173 714 229 758 ad
243 715 423 773 stirpem
446 713 756 767 sanskriticam,
773 727 882 769 quae
902 713 1006 755 latet
1021 713 1100 755 sub
1120 713 1303 767 „sama‚“
1322 712 1498 756 referat.
1528 712 1640 756 Eum

176 792 350 830 secutus
381 792 447 829 est
480 785 528 829 L.
557 785 712 842 Meyer
741 786 818 841 (K.
847 785 1077 829 Ztschr.V
1106 801 1149 843 p.
1166 784 1397 828 161—166.
1438 785 1493 828 ef.
1509 785 1643 840 VIII,

178 858 430 912 129-147),
467 859 539 915 qui
564 859 717 901 eodem
739 858 882 912 modo,
899 873 983 913 quo
1012 856 1156 908 τιθείς
1182 871 1206 899 e
1236 855 1385 907 τιθένς
1410 856 1643 912 oriebatur,

174 922 243 981 εἷς
267 944 325 972 ex
356 926 425 981 ἓνς
459 929 486 973 i.
517 944 553 972 e.
589 944 701 973 sams
729 929 947 985 originem
981 928 1157 971 duxisse
1188 927 1515 982 demonstravit,
1543 942 1641 970 eum

174 1016 217 1058 p.
235 1001 450 1044 163multa
485 1002 689 1058 exempla
716 1001 922 1055 attulerit,
949 1000 1101 1058 quibus
1128 999 1257 1043 etiam
1286 998 1332 1041 in
1361 998 1504 1042 media
1533 1013 1642 1043 voce

175 1072 488 1119 sanskritieum
527 1088 569 1117 m
599 1073 646 1117 in
676 1088 701 1116 ν
731 1071 914 1116 transire
954 1085 1082 1130 posse
1119 1071 1333 1125 efficitur3
1377 1070 1456 1126 μία
1485 1084 1510 1112 e
1536 1070 1644 1126 σμία

178 1148 206 1188 i.
241 1160 280 1189 e.
310 1161 450 1201 σεμια,
486 1161 621 1200 σαμια
650 1145 933 1188 derivandum
960 1159 1055 1188 esse
1085 1144 1285 1188 ostendit.

307 1217 357 1263 Si
389 1218 544 1261 literae
566 1233 587 1260 ε
607 1218 653 1260 in
670 1212 823 1260 ἑκατόν
848 1216 1059 1260 rationem
1087 1214 1313 1271 habemus,
1341 1215 1425 1258 iam
1446 1214 1642 1274 Boppius

173 1289 295 1345 (vgl.
330 1289 410 1333 Gr.
428 1289 475 1332 ΙΙ
504 1289 635 1345 p.87)
664 1288 774 1330 illud
805 1285 827 1330 ἓ
855 1302 912 1330 ex
942 1285 988 1330 ἓν
1017 1293 1160 1330 ortum
1194 1301 1289 1330 esse
1319 1287 1481 1341 docuit,
1513 1301 1641 1343 quam

171 1361 427 1405 sententiam
481 1361 610 1404 etiam
652 1360 829 1404 Curtius
859 1376 900 1418 p.
920 1359 1011 1402 126.
1061 1359 1115 1402 cf.
1144 1359 1285 1416 p.409
1328 1364 1370 1402 et
1399 1358 1449 1402 L.
1484 1359 1642 1417 Meyer

171 1433 501 1490 amplectuntur.
548 1431 840 1485 Quamobrem
871 1431 1057 1488 probare
1088 1445 1175 1473 non
1207 1445 1383 1487 possum
1411 1431 1533 1474 illam
1564 1444 1639 1474 ex·

174 1504 468 1563 plicationem,
512 1519 641 1560 quam
685 1504 862 1547 Ahrens
906 1502 982 1558 (K.
1009 1502 1060 1546 Z·
1080 1501 1193 1544 VIII
1233 1517 1276 1559 p.
1297 1502 1398 1558 348)
1445 1503 1640 1561 protulit,

172 1590 272 1619 eum
300 1573 453 1620 ἑκατόν
488 1590 511 1619 e
541 1572 722 1620 ὁεκατόν
749 1576 994 1619 mutilatum
1023 1589 1119 1618 esse
1149 1575 1277 1618 dieat.
1321 1574 1436 1618 Huic
1465 1581 1639 1619 nostrae

172 1647 433 1691 derivationi
461 1647 579 1690 vocis
618 1641 686 1698 εἷς
725 1661 980 1704 repugnare
1021 1645 1194 1689 videtur
1239 1646 1315 1689 illa
1358 1647 1499 1690 forma
1541 1645 1640 1700 ἓείς,

173 1734 286 1774 eum,
325 1719 363 1762 si
396 1719 599 1763 Curtium
630 1733 674 1776 p.
688 1718 770 1761 352
800 1724 844 1761 et
861 1718 1098 1762 Christium
1130 1734 1172 1776 p.
1191 1718 1273 1760 253
1303 1718 1537 1775 sequimur,
1578 1719 1641 1761 eis

173 1790 366 1846 vocibus,
414 1805 519 1848 quas
550 1805 576 1832 a
601 1789 728 1832 litera
757 1804 777 1831 s
805 1788 1081 1832 inchoavisse
1126 1795 1308 1844 constat,
1354 1804 1588 1848 numquam
1619 1806 1640 1833 ε

172 1862 465 1919 prothetieum
482 1862 679 1916 addatur,
699 1860 815 1919 quod
848 1861 991 1905 solum
1023 1862 1099 1905 fiat
1127 1862 1173 1905 in
1190 1862 1254 1906 eis
1272 1862 1510 1918 vocabulis,
1530 1878 1640 1921 quae

174 1949 199 1976 a
227 1934 492 1991 digammate
520 1934 743 1992 incipiunt.
820 1933 912 1977 Sed
952 1934 1055 1977 huie
1093 1934 1332 1977 sententiae
1372 1949 1461 1978 non
1496 1950 1640 1979 assen-

173 2006 273 2060 tior,
300 2017 397 2048 eum
428 2007 629 2063 exempla
657 2006 817 2049 afferre
851 2006 1026 2063 possim,
1068 2006 1220 2062 quibus
1253 2023 1274 2048 ε
1304 2007 1433 2049 etiam
1464 2007 1525 2050 eis
1563 2023 1638 2051 vo-

175 2078 269 2132 bus,
318 2092 423 2134 quas
462 2078 567 2120 olim
603 2094 629 2120 a
666 2077 793 2121 litera
820 2093 841 2121 s
872 2076 1086 2135 incepisse
1131 2082 1310 2132 constat,
1349 2078 1638 2137 antepositum

180 2162 275 2192 esse
316 2149 417 2192 satis
455 2155 572 2192 certe
615 2148 813 2192 efficitur.
882 2148 1058 2191 Lectori
1097 2148 1143 2190 in
1184 2149 1449 2192 memoriam
1476 2164 1636 2193 revoco

176 2221 491 2277 superlativum
521 2219 721 2274 ἕέσχατος
750 2221 912 2276 (Suid.)
945 2235 1026 2277 pro
1057 2218 1251 2276 ἔσχατος,
1293 2221 1367 2264 ubi
1405 2237 1427 2265 ε
1463 2228 1638 2279 antepo—

177 2291 322 2348 situm,
360 2292 395 2336 si
426 2291 623 2336 Curtium
654 2308 696 2351 p.
713 2292 793 2336 511
825 2291 1059 2350 sequimur,
1098 2292 1203 2336 falsa
1248 2292 1490 2336 imitatione
1520 2292 1638 2336 adiu-

174 2369 305 2405 vante
333 2370 477 2406 ortum
511 2370 588 2407 est.
645 2362 736 2407 Sed
764 2364 1009 2407 videamus!
1061 2362 1243 2417 ἔσχατος
1269 2365 1523 2423 superlativi
1553 2366 1637 2408 for-

176 2450 285 2478 mam
316 2437 566 2494 amplexum
596 2436 652 2478 ad
681 2436 978 2495 praepositum
1014 2433 1066 2489 ἕξ
1103 2436 1325 2494 pertinere
1368 2443 1539 2479 constat
1578 2439 1635 2479 ef.

178 2506 301 2551 Curt.
329 2523 372 2565 p.
388 2508 484 2550 345.
532 2508 603 2551 De
634 2508 807 2564 origine
837 2508 963 2551 huius
994 2507 1329 2565 praepositionis
1356 2508 1394 2551 si
1423 2508 1636 2564 quaestio-

176 2591 276 2621 nem
302 2578 578 2633 instituimus,
605 2586 862 2635 argumenta
895 2594 918 2622 e
944 2579 1192 2636 linguarum
1224 2585 1503 2636 cognatarum
1519 2594 1632 2622 eom-

173 2649 397 2709 paratione
427 2650 613 2708 repetita
640 2667 720 2697 nos
753 2667 805 2696 eo
835 2652 1068 2707 adducunt,
1093 2657 1141 2695 ut
1164 2651 1210 2694 in
1225 2650 1348 2695 initio
1369 2650 1498 2694 huius
1514 2665 1636 2710 prae-

174 2721 506 2781 praepositionis
538 2722 711 2766 literam
738 2739 758 2768 s
787 2724 974 2767 valuisse
1004 2723 1208 2767 dicamus
1239 2723 1412 2781 Lingua
1440 2723 1634 2767 Zendiea

174 2793 298 2837 nobis
346 2794 552 2851 proponit
596 2796 963 2853 praepositionem
1010 2797 1166 2849 „hanff
1200 2796 1273 2849 (ef.
1298 2796 1407 2840 Iusti
1451 2811 1493 2853 p.
1518 2796 1636 2852 315),
