1984 3332
947 209 1003 254 25

259 328 393 370 randa
421 336 487 372 est
516 330 590 375 fini
621 332 815 387 Balderi,
844 346 980 390 quem*
1004 331 1049 374 in
1080 331 1353 389 mythologie
1382 330 1710 376 Skandinavica

203 444 205 446 .
260 402 432 445 easdem
462 409 620 462 partes,
659 418 762 460 quas
793 403 989 446 Achilles
1019 402 1137 461 apud
1168 402 1364 447 Graecos
1395 402 1575 457 obtinet,
1619 417 1707 445 sus-

261 474 440 518 tinuisse
470 476 574 518 mihi
605 490 853 533 persuasum
886 481 963 519 cst.
1034 474 1125 518 Sed
1156 490 1253 517 eum
1288 474 1397 518 certi
1428 473 1590 530 aliquid
1621 488 1708 516 non

257 546 437 588 habeam
453 547 498 601 ¹),
530 548 644 603 quod
661 547 715 588 de
746 547 872 588 huius
903 547 1087 589 nominis
1119 547 1289 603 origine
1317 546 1535 603 disputem
1554 571 1606 576 -
1627 559 1705 587 eae

259 616 372 658 enim
425 617 740 673 ctymologicac
779 617 1081 672 derivationes,
1127 633 1230 675 quas
1274 618 1356 660 viri
1402 617 1518 660 docti
1563 616 1705 660 adhuc

256 687 545 743 protulerunt,
591 688 663 741 (cf.
696 687 818 731 Curt.
850 703 890 745 p.
918 689 1014 743 113)
1063 704 1150 731 non
1192 690 1372 731 multum
1415 689 1561 731 valere
1602 688 1705 731 mihi

256 756 461 802 videntur
490 757 544 801 ad
574 757 670 802 eius
703 765 899 802 naturam
932 759 1262 803 describendam
1296 785 1350 792 ——
1383 760 1466 804 hoc
1508 762 1606 804 loco
1649 761 1704 804 de

264 830 357 873 eius
386 830 559 872 nomine
585 836 714 887 atque
744 836 899 872 nutura
927 844 1058 886 agere
1087 845 1175 872 non
1204 845 1392 888 possum.

299 889 324 898 -
392 902 480 944 [am
508 917 603 944 cum
635 902 927 958 quaestionem
959 919 983 945 a
1017 902 1189 945 nomine
1210 896 1343 953 ’Ίλιης
1375 901 1615 957 profectam
1648 900 1703 942 ad

257 974 388 1016 finem
404 974 698 1031 perduxerim,
720 974 1036 1018 demonstrasse
1053 974 1159 1016 mihi
1176 974 1343 1028 videor,
1363 973 1491 1016 etiam
1505 974 1549 1015 in
1567 971 1704 1017 Grae-

256 1057 406 1085 corum
433 1043 623 1086 carmine
655 1044 776 1101 epico
803 1060 994 1103 pugnam
1025 1044 1214 1099 tractari,
1245 1059 1368 1102 quae,
1400 1060 1497 1087 cum
1527 1060 1552 1086 a
1581 1044 1704 1087 coelo

256 1114 310 1156 ad
341 1121 499 1157 terram
530 1121 729 1158 revocata
757 1116 824 1170 sit,
855 1116 1091 1174 antiquitus
1122 1116 1403 1172 descripserit
1446 1116 1522 1158 illa
1564 1122 1705 1159 certa-

255 1187 384 1242 mina,
432 1202 540 1246 quae
571 1188 641 1231 dei
670 1188 779 1232 lucis
811 1205 908 1232 cum
939 1190 1237 1240 daemonibus,
1280 1190 1557 1232 tenebrarum
1588 1189 1706 1246 prin-

255 1260 436 1319 cipibus,
465 1260 667 1315 inierunt,
698 1259 937 1318 quibusque
968 1275 1178 1303 summum
1206 1265 1509 1316 argumentum
1532 1258 1703 1303 vedico-

254 1349 348 1375 rum
379 1334 636 1388 hymnorum
668 1333 940 1385 continetur3
984 1338 1113 1388 atque
1144 1332 1223 1373 hac
1253 1330 1469 1372 sententia
1498 1330 1617 1371 ducti
1650 1329 1704 1370 ad

253 1418 324 1448 res
354 1402 689 1460 mythologicas,
710 1402 859 1461 quales
889 1402 1197 1446 describuntur
1225 1403 1269 1444 in
1300 1402 1453 1456 Iliade,
1484 1401 1702 1457 explican-

255 1475 344 1528 das,
373 1474 629 1516 accedamus
664 1487 844 1517 necesse
873 1479 951 1515 est.

350 1643 384 1688 1)
412 1642 585 1679 Fortasse
598 1640 753 1690 Ἀχιλεύς
769 1643 917 1680 nomine
931 1644 1145 1680 continetur
1167 1644 1238 1679 skr.
1268 1643 1329 1679 ahi
1359 1642 1430 1688 (gr.
1458 1643 1544 1688 ἔχις,
1572 1653 1707 1677 nomen

254 1706 455 1749 daemonis,
495 1718 604 1751 quem
629 1707 741 1742 Indra
764 1708 956 1753 interficit)
980 1710 1091 1753 atque
1113 1707 1219 1742 dasas
1244 1722 1285 1737 =
1312 1706 1408 1749 λᾶος,
1428 1706 1482 1741 ita
1505 1706 1548 1740 ut
1570 1715 1706 1740 nomen

252 1768 451 1815 significet:
477 1769 586 1804 Ahim
611 1768 845 1813 interficiens,
869 1770 999 1805 eodem
1023 1769 1145 1812 modo,
1168 1781 1240 1814 quo
1270 1768 1382 1803 Indra.
1408 1767 1554 1802 Ahihan
1579 1766 1707 1812 (Ahim

253 1831 421 1877 caedens)
444 1831 667 1867 nominatur.
695 1832 741 1868 cf.
768 1832 836 1879 Rg.
860 1832 928 1868 vd.
953 1836 987 1874 2,
1018 1834 1072 1868 13.
1097 1834 1130 1867 5.
