1984 3332
962 172 1017 215 39

270 294 461 338 iudicant
489 294 543 338 de
571 295 646 352 eis,
682 309 790 354 quae
820 294 1111 338 Hoffmannus
1139 292 1188 336 II
1233 306 1275 349 Ρ.
1291 290 1347 333 48
1380 290 1435 333 de
1468 290 1550 332 hac
1575 289 1722 334 radice

272 367 518 424 disputavit.

395 440 689 495 Quamobrem
721 439 950 483 Bekkerus
994 453 1082 483 non
1113 436 1353 493 dubitavit,
1393 431 1639 493 πειρήσεται
1678 433 1723 476 in

268 517 433 553 textum
465 512 673 569 recipere.

398 583 629 642 Digammo
662 583 788 627 etiam
821 589 996 627 sanatur
1027 581 1271 642 productio,
1301 595 1409 639 quae
1437 578 1595 635 11‚592
1618 582 1722 622 ante

266 649 434 698 ὤσαντο
464 654 693 696 invenitur.

397 727 462 771 Ibi
496 726 611 770 enim
640 725 849 782 legimus:

430 796 588 840 τόσσον
619 795 838 852 ἐχώρησαν
872 800 1020 850 Τρῶές
1052 792 1220 839 ὤσαντο
1251 798 1286 839 δ’
1320 793 1498 849 Ἀχαιοί

268 871 401 917 ω’θέω
432 888 457 915 a
480 872 606 915 litera
636 871 816 929 spiranti
843 871 1060 930 incepisse
1101 870 1239 914 forma
1280 864 1454 913 ἐώθουν
1495 874 1539 911 et
1579 867 1724 924 glossa

268 943 482 1001 Hesychii
510 937 741 985 ἅπεωστόν
778 937 1025 997 ἆπωθητόν
1063 942 1273 994 firmatur,
1321 955 1445 996 quam
1488 940 1723 995 spirantem

266 1016 467 1061 labialem
498 1016 630 1060 fuisse
658 1015 802 1059 radice
847 1015 1099 1059 sanskritica
1127 1014 1298 1072 ,‚vadh“
1329 1012 1515 1057 efficitur
1535 1011 1724 1057 cf.Cu1·t.

267 1103 311 1144 p.
326 1089 422 1131 235.
478 1089 570 1131 Leo
597 1089 775 1143 Meyer:
828 1088 929 1144 Vgl.
959 1087 1040 1132 Gr.
1060 1087 1083 1129 I
1108 1102 1149 1143 p.
1166 1088 1231 1129 77.
1281 1087 1428 1129 Peters
1456 1087 1485 1129 l.
1519 1100 1557 1129 c.
1589 1101 1630 1142 p.
1655 1086 1720 1127 16.

269 1159 539 1220 Quamquam
568 1159 621 1203 de
652 1160 778 1205 litera
807 1159 961 1204 initiali
993 1159 1118 1204 huius
1144 1159 1269 1203 verbi
1311 1158 1483 1202 omnino
1525 1173 1614 1201 non
1659 1163 1724 1201 est

268 1233 566 1288 dubitandum,
604 1239 750 1276 tamen
788 1234 871 1275 iam
902 1234 1135 1290 antiquitus
1160 1234 1342 1276 verbum
1380 1227 1512 1275 ὥθέω
1552 1232 1721 1274 literam

267 1304 500 1361 spirantem
534 1311 809 1362 aspernatum
849 1312 927 1358 est,
972 1304 1151 1361 soloque
1184 1304 1267 1346 hoc
1294 1304 1391 1347 loco
1423 1302 1721 1346 auctoritatem

264 1375 380 1420 illius
408 1376 561 1420 literae
590 1377 788 1421 servavit.

399 1450 442 1490 A
469 1448 702 1505 digammo,
745 1463 829 1507 quo
858 1450 1089 1492 Bekkerus
1129 1450 1348 1503 instruxit,
1388 1462 1538 1490 vocem
1578 1445 1722 1503 οἰήιον

266 1519 533 1563 inchoavisse
564 1520 923 1563 verisimillimum
955 1526 1033 1575 est,
1052 1535 1312 1578 quamquam
1334 1535 1420 1563 non
1435 1520 1589 1575 habeo,
1605 1519 1721 1575 quod

266 1591 319 1633 de
333 1591 456 1633 huius
467 1592 585 1634 vocis
601 1591 867 1635 derivatione
880 1592 1076 1650 proferre
1088 1592 1248 1650 possim
1269 1592 1323 1634 cf.
1335 1592 1487 1634 Peters
1505 1591 1533 1633 l.
1549 1606 1584 1634 c.
1596 1591 1723 1649 p.20,

267 1663 451 1706 fortasse
481 1664 534 1706 ab
565 1664 715 1707 eadem
745 1664 892 1707 radice
928 1665 1139 1720 originem
1178 1664 1317 1720 duxit,
1360 1678 1467 1720 quae
1498 1665 1577 1706 sub
1609 1660 1724 1706 οἴσο-

265 1750 343 1789 μαι
371 1735 540 1777 occulta
571 1742 658 1789 est3
690 1736 796 1778 haec
827 1742 892 1779 est
929 1735 1055 1778 radix
1086 1735 1210 1790 „vid“
1243 1737 1299 1778 cf.
1330 1736 1442 1778 Pott.
1472 1734 1723 1791 Etymolog.

265 1807 480 1863 Forsohg.
502 1807 548 1850 II
571 1807 725 1864 p 259.
787 1806 868 1852 Sin
899 1814 1043 1851 autem
1075 1807 1292 1864 digamma
1337 1807 1437 1851 huic
1476 1807 1570 1851 voci
1602 1808 1721 1850 attri-

268 1878 484 1921 buendum
526 1886 604 1935 est,
641 1880 868 1937 productio
899 1879 1045 1922 brevis
1075 1881 1281 1936 syllabae,
1316 1895 1426 1936 quae
1457 1886 1557 1922 ante
1587 1877 1726 1936 οἰήιον

267 1949 483 1993 invenitur
516 1954 557 1992 T
567 1951 635 1994 43.

546 2023 593 2065 οἳ
619 2038 666 2065 τε
695 2025 947 2080 κυβερνῆται
981 2023 1054 2065 καὶ
1083 2021 1184 2077 ἔχὸν
1211 2020 1371 2079 ποιήια.

267 2093 427 2151 optime
459 2093 712 2150 explicatur.

396 2165 465 2207 De
494 2164 619 2207 litera
647 2165 824 2222 spiranti
858 2181 892 2221 s,
938 2178 1046 2221 quae
1073 2165 1450 2221 productionibus,
1482 2181 1590 2224 quae
1624 2173 1725 2210 sunt

268 2241 313 2281 K
326 2237 422 2280 264.
456 2242 498 2280 T
505 2237 573 2281 49.
602 2241 653 2280 X
661 2238 757 2280 412.
783 2240 836 2280 A
848 2238 914 2281 51.
934 2240 978 2281 A
991 2237 1087 2280 129.
1104 2238 1146 2281 Ω
1163 2237 1260 2281 470.
1275 2238 1371 2290 544,
1397 2238 1605 2281 auxilium
1625 2239 1724 2293 fert,

268 2324 383 2353 nunc
413 2324 603 2366 agamus,
638 2323 814 2353 necesse
845 2315 921 2352 est.
950 2310 1020 2354 Ex
1049 2309 1132 2352 hoc
1167 2310 1365 2353 locorum
1397 2324 1579 2354 numero
1602 2312 1723 2369 quin-

271 2394 355 2437 que
385 2381 565 2423 verbum
597 2378 682 2433 ἔχω
713 2381 936 2436 praebent,
977 2381 1035 2422 ita
1063 2387 1110 2422 ut
1142 2381 1225 2423 hoc
1256 2382 1387 2424 verbo
1416 2397 1589 2424 causam
1620 2397 1724 2438 pro-

270 2451 483 2494 ductionis
510 2452 654 2494 brevis
682 2451 890 2509 syllabae,
936 2466 1045 2510 quae
1092 2452 1324 2504 antecedit,
1368 2453 1583 2496 contineri
1613 2453 1725 2496 dica-

269 2538 376 2567 mus.
407 2525 487 2567 cf.:

530 2592 687 2636 K264.
717 2588 998 2650 ἄργίοδοντος
1025 2592 1101 2647 ὑὸς
1129 2595 1297 2651 θαμέὲς
1329 2593 1429 2649 ἔχον

538 2669 573 2707 Ἰ
616 2664 683 2708 49.
719 2662 831 2721 ἔγχει
859 2666 1136 2722 ἐρειδομένω·
1171 2664 1237 2710 ἔτι
1269 2658 1346 2723 γὰρ
1381 2664 1481 2720 ἔχον

535 2741 583 2780 X
591 2738 686 2781 412.
717 2738 815 2782 λαοὶ
840 2738 919 2795 μέν
943 2742 996 2797 ῥα
1023 2738 1201 2796 γέροντα
1226 2735 1359 2796 μόγῖς
1391 2736 1501 2794 ἔχον.
