1984 3332
953 179 1006 223 27

252 308 341 347 tota
371 303 565 361 quaestio
596 309 644 346 ut
670 307 790 346 recte
820 299 1048 344 diiudicari
1076 298 1226 357 possit,
1255 297 1311 341 ad
1340 311 1404 352 ea,
1423 310 1532 353 quae
1554 310 1705 352 gram-

258 375 406 419 matici
435 375 490 419 de
518 374 701 420 Graecis
746 372 942 417 dialectis
984 371 1109 415 nobis
1150 370 1437 424 tradiderunt,
1480 376 1608 425 atque
1650 370 1705 414 ad

252 448 502 504 linguarum
520 451 806 502 cognatarum
823 443 1189 503 comparationem
1207 442 1510 498 confugiamus
1526 455 1705 486 necesse
1729 483 1732 484 γ

256 525 334 562 est.
388 518 444 561 In
472 507 625 574 lingua
655 518 810 561 Latina
838 533 910 561 res
941 532 1031 561 non
1059 517 1185 560 aliter
1226 531 1272 559 se
1307 517 1451 559 habet.
1531 514 1620 570 Sic,
1657 521 1706 558 ut

251 591 503 648 exemplum
544 590 739 645 afferam,
788 589 905 648 apud
951 589 1155 632 Plautum
1199 587 1487 643 antiquiorem
1526 586 1704 629 ablativi

250 663 435 707 formam
463 664 509 706 in
540 664 569 705 d
598 663 869 706 desinentem
896 662 1086 705 nondum
1118 661 1360 716 evanuisse,
1407 660 1486 703 sed
1513 658 1703 701 valuisse

250 735 480 792 perlucide
510 735 613 778 inde
644 741 838 792 apparet,
880 734 997 792 quod
1034 734 1150 776 hunc
1176 747 1324 776 casum
1366 731 1615 789 saepissime
1657 731 1704 773 in

254 805 370 849 hiatu
417 805 606 863 positum
653 804 907 847 invenimus.
965 804 1022 847 cf.
1054 803 1300 846 Biicheler:
1343 801 1582 846 Grundriss
1626 801 1704 844 der

251 878 399 922 latein.
438 878 714 921 Declination
742 893 785 935 p.
810 877 878 920 47.
905 877 974 920 48.
1048 878 1204 934 Itaque
1247 892 1346 919 cum
1387 891 1536 919 causas
1577 874 1705 917 huius

248 950 388 994 hiatus
421 950 611 1009 ipsarum
642 949 993 992 terminationum
1035 955 1165 1008 atque
1194 963 1353 992 vocum
1380 953 1532 991 natura
1563 946 1701 990 conti-

253 1024 348 1067 neri
381 1023 677 1066 demonstrare
709 1022 934 1079 possimus,
965 1037 1053 1064 non
1082 1022 1137 1064 ad
1159 1036 1255 1063 eam
1291 1020 1561 1073 sententiam,
1577 1034 1706 1077 quam

251 1093 540 1138 Hoffmannus
568 1093 776 1152 sequitur,
812 1092 1081 1144 adducimur,
1120 1093 1283 1136 hiatum
1313 1105 1409 1136 esse
1440 1097 1515 1134 aut
1544 1091 1704 1134 iustum

249 1173 340 1209 tum
371 1182 469 1209 cum
500 1172 620 1209 extat
642 1166 688 1207 in
717 1179 894 1207 caesura
923 1166 1139 1207 trochaica
1166 1165 1290 1222 pedis
1318 1164 1442 1206 tertii
1471 1170 1515 1205 ct
1544 1163 1590 1205 in
1617 1164 1705 1206 fine

249 1239 373 1297 pedis
404 1239 543 1295 quarti
569 1244 612 1282 et
639 1237 683 1281 in
715 1237 828 1281 thesi
856 1237 981 1296 pedis
1010 1236 1142 1295 primi
1169 1242 1242 1280 aut
1264 1235 1479 1289 illicitum,
1494 1241 1587 1278 tum
1606 1249 1706 1278 cum

249 1311 334 1352 alio
364 1325 516 1353 versus
557 1310 655 1352 loco
684 1310 904 1352 invenitur
941 1309 995 1351 cf.
1025 1309 1054 1351 l.
1085 1324 1121 1351 c.
1151 1309 1172 1351 I
1214 1324 1255 1365 p.
1273 1310 1351 1363 873
1402 1309 1479 1350 sed
1517 1313 1706 1350 statuere

251 1382 469 1434 debemus,
511 1382 732 1424 metricam
763 1380 1077 1434 difficultatem,
1108 1394 1217 1437 quae
1247 1380 1366 1422 hiatu
1404 1379 1563 1431 oritur,
1607 1392 1705 1420 cum

250 1453 380 1495 certis
420 1466 571 1495 versus
614 1451 791 1494 sedibus
830 1452 973 1494 sanari
1019 1466 1107 1493 non
1149 1452 1300 1508 possit,
1341 1457 1505 1493 tantum
1552 1465 1608 1492 ex
1646 1450 1707 1493 eis

249 1524 529 1581 argumentis,
571 1538 679 1580 quae
710 1524 834 1579 leges
865 1523 921 1566 ad
947 1539 1103 1566 vocum
1129 1523 1429 1566 formationem
1458 1527 1704 1580 spectantes

250 1596 373 1640 nobis
402 1596 602 1649 afferunt,
642 1596 798 1638 iustam
825 1602 975 1653 petere
1017 1596 1356 1639 excusationem.
1428 1595 1519 1638 Iam
1558 1594 1708 1637 hiatus

249 1669 396 1711 multis
426 1669 547 1721 loeis,
577 1668 652 1710 ubi
679 1674 810 1722 extat,
849 1667 1066 1724 digammo
1095 1668 1292 1721 Aeolico,
1325 1666 1441 1723 quod
1473 1667 1703 1709 Bekkerus

249 1739 295 1781 in
328 1745 495 1781 textum
529 1738 709 1795 recepit,
738 1745 999 1792 removetur,
1040 1738 1117 1780 sed
1146 1738 1269 1780 multi
1296 1739 1382 1781 loci
1409 1744 1588 1790 restant,
1630 1736 1705 1778 ubi

250 1810 326 1852 illa
355 1810 481 1853 litera
511 1810 694 1866 spirans,
726 1810 761 1853 si
792 1810 1042 1865 linguarum
1075 1811 1440 1867 comparationem
1470 1809 1706 1866 sequimur,

250 1880 446 1924 adhiberi
474 1895 563 1923 non
593 1887 750 1938 potest,
792 1881 846 1922 ad
875 1880 999 1923 istam
1040 1881 1263 1923 metricam
1293 1880 1598 1923 difficultatem
1626 1879 1706 1921 tol-

216 1960 220 1963 ⁴
249 1951 437 1995 leudam.
499 1952 639 2006 Quam
670 1953 724 1995 ob
753 1966 847 1994 rem
874 1952 1109 2006 videamus,
1154 1951 1258 2010 quid
1288 1952 1343 1995 de
1372 1952 1435 1995 eis
1463 1951 1586 2006 locis,
1631 1951 1704 1993 ubi

252 2024 468 2080 digamma
496 2024 630 2067 hiatui
659 2024 819 2067 iustum
847 2023 1058 2066 auxilium
1087 2025 1244 2067 afferre
1281 2040 1370 2067 non
1400 2031 1557 2081 potest,
1599 2024 1706 2066 iudi-

252 2095 437 2139 candum
471 2096 537 2139 sit.

382 2168 508 2211 Duae
550 2167 673 2209 nobis
706 2167 905 2209 existunt
934 2167 1044 2215 viae,
1078 2168 1232 2224 quibus
1276 2167 1440 2208 hiatum
1487 2168 1708 2223 explicare

253 2238 517 2282 conabimur.
583 2238 786 2282 Alteram
817 2238 852 2282 si
880 2238 1195 2297 persequimur,
1236 2237 1291 2281 ad
1315 2238 1461 2282 literas
1492 2238 1705 2296 spirantes

252 2326 271 2352 s
302 2317 344 2353 et
372 2311 389 2366 j
421 2310 687 2364 adducimur,
718 2325 836 2368 quas,
869 2311 949 2352 etsi
980 2311 1024 2351 in
1056 2310 1226 2353 Graeca
1255 2310 1419 2364 lingua,
1462 2310 1599 2366 qualis
1629 2324 1705 2353 no-

250 2380 317 2424 bis
348 2388 413 2424 est
440 2388 623 2436 servata,
651 2382 697 2425 in
726 2382 925 2439 spiritum
953 2396 1153 2439 asperum
1171 2388 1243 2423 aut
1266 2382 1409 2423 lenem
1427 2382 1699 2435 transierunt,

251 2459 397 2498 tamen
425 2453 472 2497 in
498 2454 740 2513 antiquiore
772 2454 897 2512 epica
927 2454 1047 2513 poesi
1080 2454 1125 2496 in
1165 2453 1287 2497 initio
1323 2468 1479 2497 vocum
1517 2453 1705 2498 valuisse

252 2540 303 2568 ea
330 2540 378 2568 re
406 2526 605 2579 efficitur,
651 2526 766 2581 quod
803 2526 919 2582 apud
947 2526 1189 2568 Homerum
1229 2532 1347 2568 certa
1385 2526 1569 2580 vestigia
1607 2533 1707 2569 sunt

251 2597 417 2653 relicta,
447 2611 556 2653 quae
584 2597 682 2641 illas
710 2597 857 2640 literas
888 2597 934 2640 in
976 2596 1155 2653 antiqua
1198 2598 1320 2656 epica
1361 2598 1483 2655 poesi
1525 2611 1707 2641 munere

251 2667 428 2725 spiritus
456 2670 625 2712 functas
654 2683 749 2712 esse
779 2670 882 2712 satis
911 2676 1029 2712 certe
1056 2670 1304 2713 ostendunt.
1362 2671 1561 2712 Alter'am
1592 2670 1705 2712 viam

253 2740 404 2797 secuti,
434 2740 621 2785 dialecto
651 2741 927 2798 Homericae,
967 2741 1130 2797 linguis
1161 2742 1357 2799 cognatis
1387 2741 1707 2797 adiuvantibus,
