1984 3332
888 176 940 218 77

188 298 542 357 semiseptenaria
570 304 614 340 et
642 295 1004 351 seminovenaria‚
1043 295 1126 338 iam
1158 309 1287 352 supra
1319 294 1490 350 egimus
1518 297 1575 338 cf.
1604 310 1646 352 p.

191 372 356 415 37-43
386 386 427 428 p.
443 372 510 414 69.

318 443 512 487 Primum
542 454 721 498 agamus
751 439 805 482 de
837 453 945 482 voce
973 435 1062 492 ἅλς,
1094 454 1222 497 quam
1254 438 1508 495 antiquioris
1542 453 1649 496 poe-

187 499 440 557 seoslusum
468 513 676 556 imitatam
707 511 823 568 apud
847 511 1085 554 Homerum
1114 512 1297 566 vestigia
1326 512 1478 553 literae
1505 511 1646 553 initia-

189 585 241 629 lis
268 602 289 629 s
321 584 552 641 reliquisse
582 597 667 639 ego
702 582 875 640 quidem
908 583 1070 637 colligo
1106 597 1160 625 ex
1203 597 1253 626 ea
1292 582 1493 637 formula,
1538 596 1648 639 quae

190 663 332 699 extat:

454 729 493 768 Β
509 726 601 769 165.
632 724 741 781 μηδὲ
772 721 823 768 ἔα
851 726 955 780 νῆᾶς
983 721 1103 767 ἅλαδ’
1134 722 1308 779 ἑλκέμεν

508 798 600 838 181.
629 795 738 852 μηδὲ
769 793 821 838 ἔα
847 797 950 852 νῆᾶς
976 793 1098 839 ἅλαδ’
1129 794 1305 851 ἓλκεμεν

357 869 413 912 cf.
446 885 481 911 ν.
502 868 593 912 108.
624 865 749 925 φάρε’
780 864 1017 925 ὖφαίνουσῐ
1020 885 1044 910 ν
1071 864 1352 925 ἁλιπόρφυρα

190 931 357 995 Quibus
387 939 495 982 loeis
528 940 664 982 addo:

453 1013 495 1054 ,Ω
513 1012 579 1053 84.
611 1011 728 1054 εἵαθ’
762 1008 992 1067 ὁμηγερέὲς
1018 1008 1135 1054 ἅλιαι
1161 1011 1268 1054 θεαί
1280 1025 1289 1035 ·

189 1081 362 1125 Deinde
391 1082 512 1125 nobis
541 1096 627 1124 non
656 1081 993 1139 neglegendum
1029 1088 1095 1124 est
1124 1086 1166 1124 Φ
1184 1083 1277 1125 122.

584 1160 695 1207 οἷ’σει
723 1161 881 1220 δινήεις
907 1159 1014 1207 εἷ’σῶ
1045 1161 1147 1215 ἁλός

193 1246 478 1292 Hoffmannus
505 1262 547 1306 p.
563 1246 618 1291 65
647 1246 761 1291 hunc
788 1246 932 1290 locum
963 1246 1102 1290 solum
1125 1246 1373 1306 exemplum
1399 1245 1644 1306 productio-

192 1319 257 1360 nis
287 1319 449 1361 vooalis
483 1335 517 1360 ω
547 1319 592 1360 in
624 1316 729 1361 ἔισω
760 1319 919 1360 offerre
952 1319 1092 1360 docet.

320 1387 552 1433 Praeterea
581 1395 681 1432 ante
708 1384 785 1441 ἅλς
823 1388 976 1445 longas
1006 1387 1179 1432 vocales
1206 1388 1251 1431 in
1285 1388 1369 1432 arsi
1414 1389 1650 1447 productas

192 1461 280 1502 vidi
309 1460 456 1503 E598.
490 1465 537 1502 Ν
550 1461 644 1502 797.

322 1530 414 1574 Iam
444 1530 480 1574 si
511 1537 777 1589 reputamus,
794 1530 1010 1576 Graecam
1041 1545 1194 1575 vocem
1224 1527 1316 1585 ἅλς,
1334 1546 1423 1575 non
1443 1531 1645 1588 neglecto

191 1602 401 1644 adiectivo
432 1597 669 1658 ἄμφίαλος,
714 1603 830 1657 quod
863 1603 996 1654 hiatu,
1041 1603 1113 1657 qui
1142 1609 1259 1644 extat
1288 1603 1332 1644 in
1365 1603 1507 1644 media
1540 1617 1649 1645 voce

193 1674 309 1727 (οἱα
326 1674 424 1727 386)
453 1673 623 1717 literam
654 1674 892 1732 spirantem
925 1673 1138 1718 excidisse
1167 1672 1369 1728 ostendit,
1398 1673 1453 1717 ad
1469 1673 1652 1718 eandem

199 1744 422 1804 pertinere
439 1745 632 1802 stirpem,
650 1758 761 1800 quae
776 1745 947 1787 occulta
976 1750 1041 1787 est
1069 1746 1147 1787 sub
1178 1745 1434 1786 sanskritico
1469 1748 1653 1800 „saras,“

197 1817 318 1861 latin.
351 1818 427 1860 sal.
469 1823 559 1872 got.
590 1817 725 1870 „salt“
772 1817 824 1861 of.
856 1816 979 1861 Ourt.
1007 1833 1049 1875 p.
1064 1817 1162 1871 482,
1207 1817 1430 1861 metricam
1471 1816 1654 1861 difficul-

197 1892 330 1930 tatem
369 1899 476 1929 voce
506 1883 583 1937 ἅλς
626 1892 763 1929 ortam
805 1887 916 1929 bene
956 1886 1165 1943 explicari
1203 1901 1291 1930 non
1329 1893 1396 1930 est
1437 1888 1553 1945 quod
1583 1901 1654 1929 ne-

198 1972 365 2015 gemus.

325 2028 436 2072 Tum
465 2030 546 2072 hoc
575 2029 671 2072 loco
701 2029 756 2072 de
784 2029 964 2073 vocibus
991 2024 1058 2082 εἷς
1099 2036 1142 2073 et
1176 2027 1329 2074 ἑκατόν
1371 2046 1551 2090 agamus
1581 2046 1654 2074 ne-

196 2115 315 2144 eesse
348 2107 426 2154 est,
456 2108 555 2144 ante
590 2115 694 2156 quas
722 2101 876 2143 breves
903 2102 1097 2157 syllabae
1127 2103 1447 2159 producuntur:

457 2190 497 2230 Β
519 2187 615 2230 449.
645 2182 806 2238 πάντες
828 2184 1069 2238 ἕυπλεκέὲς,
1099 2181 1385 2241 ἑκατόμβοιος

454 2262 505 2300 Λ
543 2259 608 2302 40.
636 2261 754 2314 τρεῖς
780 2257 1115 2316 ἀμφιστρεφέὲς,
1141 2255 1237 2308 ἑνὸς
1262 2256 1453 2310 αὐχένος.

198 2342 381 2386 Duobus
410 2342 515 2385 loeis
543 2335 610 2394 εἷς
633 2342 795 2386 hiatum
825 2342 1021 2386 effecisse
1047 2340 1247 2384 videtur:

461 2433 500 2472 E
515 2431 611 2474 603.
641 2433 703 2487 τῷ
732 2430 771 2473 δ’
799 2428 886 2474 αἰεὶ
912 2426 1028 2485 μάρα
1058 2424 1125 2481 εἷς
1153 2432 1332 2485 γεθειΐν.

472 2505 508 2543 Y
541 2502 608 2545 98.
638 2499 724 2545 αἰεὶ
754 2498 833 2559 γὰρ
863 2497 983 2558 πάρα
1010 2494 1077 2553 εἷς
1101 2503 1283 2557 γεθειῦν.

333 2584 423 2628 Sed
454 2599 550 2626 cum
583 2584 821 2627 seeundum
850 2600 879 2626 α
914 2585 960 2626 in
986 2581 1106 2639 πάρα
1135 2590 1286 2626 natura
1318 2583 1496 2626 fortiore
1535 2598 1657 2641 prae-

199 2656 337 2699 ditum
385 2671 479 2699 esse
520 2655 632 2698 infra
674 2656 1014 2700 demonstraturi
1047 2656 1194 2709 simus,
1239 2655 1283 2697 hi
1315 2655 1399 2698 loci
1429 2670 1517 2698 non
1547 2655 1657 2697 mul-

183 2732 288 2775 tum
319 2728 477 2771 valent.
