1984 3332
957 177 1011 219 44

254 298 299 341 in
331 299 472 343 Iliade
500 299 784 355 inveniamus,
823 300 980 358 quibus
1016 299 1255 358 productae
1287 298 1483 355 syllabae
1513 315 1562 350 υς
1591 305 1634 343 et
1664 316 1713 343 υν

256 385 404 414 eorum
436 372 817 429 substantivorum,
847 386 955 431 quac
986 386 1072 415 non
1103 377 1202 414 sunt
1221 376 1426 427 oxytona,
1447 369 1712 427 spirantibus

254 460 274 486 s
296 450 339 486 et
350 445 386 500 j,
403 443 557 498 quibus
574 458 719 499 voces,
750 460 861 500 quae
884 450 1135 502 sequuntur,
1169 443 1271 485 olim
1304 448 1430 485 erant
1457 442 1710 497 instructae,

254 515 365 557 iuste
397 521 655 558 excusantur
686 517 761 571 (cf.
792 520 834 560 A
853 516 941 559 198.
982 517 1097 559 1‘60.
1132 514 1333 572 (πέλεκυς
1363 510 1440 570 ὥς)
1477 513 1605 555 Υ239
1633 513 1709 556 ubi

254 587 298 628 in
330 601 508 629 caesura
538 588 848 643 semiquinaria
876 605 926 630 υν
954 588 1230 645 producitur:
1260 582 1544 642 Ἀσσάρακος
1558 585 1605 629 δὲ
1618 582 1709 627 Κά-

252 668 340 702 πῦν
370 655 394 702 ὁ
426 659 462 702 δ’
495 652 586 715 ἄρ’)
620 660 728 703 alios
758 661 890 712 locos,
924 660 995 703 nbi
1028 660 1221 717 syllabas
1251 676 1300 711 υς
1334 664 1377 702 et
1397 675 1447 701 υν
1477 658 1712 716 productas

252 725 465 786 videmus,
495 730 650 774 falsam
681 731 927 789 analogiam
958 737 1128 774 secutos
1157 744 1252 774 csse
1281 730 1405 774 nobis
1434 728 1714 772 statuendum

254 808 333 855 est,
364 802 479 857 quod
512 817 563 844 eo
597 803 767 845 facilius
795 804 889 845 fieri
921 809 1104 860 poterat,
1136 818 1220 859 quo
1253 802 1413 844 diutius
1442 802 1526 843 iam
1555 793 1709 843 literae

258 890 278 916 s
309 881 352 916 et
369 875 385 930 j
420 888 443 916 e
473 874 650 931 linguae
681 875 914 918 memoriae
945 881 1224 918 evanuerant.

387 946 511 998 Quae
540 960 610 988 res
641 961 735 987 cum
766 947 824 988 ita
854 947 922 999 sit,
956 946 1080 988 nobis
1111 960 1196 987 non
1225 946 1333 987 levis
1369 945 1577 986 momenti
1620 957 1715 986 esse

253 1015 415 1059 debent
435 1018 570 1061 E874
599 1023 729 1074 atque
763 1017 879 1071 1265,
908 1017 983 1059 ubi
1012 1013 1128 1073 α’νήρ
1160 1016 1206 1058 in
1243 1031 1423 1059 caesura
1462 1015 1713 1073 semisepte—

252 1089 373 1130 naria
402 1089 736 1145 productionem
764 1090 908 1131 brevis
929 1089 1123 1144 syllabae
1146 1088 1346 1131 effecisse
1367 1088 1552 1130 videtur.
1587 1090 1620 1129 E
1630 1087 1713 1129 874

257 1160 372 1202 enim
401 1161 585 1216 legitur:

420 1242 620 1304 ἀλλήλων
657 1244 810 1304 ἰότητι,
843 1245 951 1303 χάρῐ
956 1265 978 1290 ν
1006 1242 1209 1304 ἄνδρεσσι
1238 1249 1445 1308 φέροντες

261 1350 370 1391 quae
401 1344 466 1378 est
497 1337 651 1378 melior
681 1337 826 1390 lectio,
870 1353 997 1393 quam
1033 1335 1164 1391 χάρῐν
1191 1338 1228 1380 δ’
1258 1331 1464 1391 ἄνδρεσσι
1493 1336 1713 1394 φέροντες,

261 1407 375 1464 quod
404 1407 636 1451 Bekkerus
665 1408 709 1450 in
740 1413 906 1451 textum
937 1409 1121 1466 recepit.
1174 1408 1299 1451 Idem
1332 1415 1397 1451 est
1423 1408 1547 1451 1³65:

426 1480 561 1536 δῃῶν·
592 1474 707 1537 ἀμφὶ
736 1479 783 1523 δὲ
813 1477 891 1522 τόν
921 1496 966 1536 γε
995 1478 1119 1532 κύνὲς
1148 1475 1299 1536 ἄνδρες
1329 1495 1375 1522 τε
1404 1482 1565 1535 νομῆες

258 1566 342 1608 quo
377 1553 473 1594 loco
503 1552 781 1596 Hermannus
814 1553 867 1596 ad
896 1553 1231 1610 productionem
1275 1552 1568 1598 excusandam
1616 1552 1713 1594 voci

257 1618 378 1673 κύνες
404 1624 440 1664 τ’
470 1624 652 1679 addidit,
675 1625 753 1667 sed
784 1641 870 1667 non
899 1626 1010 1667 iuste
1039 1641 1088 1668 ac
1121 1626 1289 1668 merito.
1340 1626 1567 1668 Bekkerus
1595 1625 1639 1667 in
1668 1624 1714 1666 11

258 1693 441 1735 Homeri
483 1697 737 1738 recensione
770 1694 893 1747 κύνες
935 1698 969 1737 τ’
1003 1690 1155 1751 ἄνδρες
1182 1713 1227 1739 τε
1262 1698 1417 1753 νομῆες
1461 1696 1505 1737 in
1546 1701 1714 1743 textum

260 1766 442 1823 recepit,
473 1768 587 1823 quod
619 1768 655 1808 τ’
686 1769 732 1809 in
762 1768 903 1825 prima
934 1768 1125 1811 editione
1155 1768 1309 1812 omisit.
1377 1768 1534 1825 Neque
1570 1768 1710 1812 solum

257 1837 302 1879 in
331 1839 411 1880 hac
439 1853 591 1881 versus
618 1840 739 1895 sede,
771 1841 848 1882 sed
876 1842 1004 1883 etiam
1026 1842 1071 1882 in
1089 1855 1270 1883 caesura
1286 1841 1595 1898 semiquinaria
1615 1846 1713 1882 ante

258 1905 370 1965 ἀνήρ
399 1910 589 1966 syllabas
623 1910 855 1968 productas
886 1913 1122 1955 habemus:

457 1993 512 2034 cf.
542 1995 594 2034 A
605 1993 670 2036 68.
701 1986 834 2048 ὄγμον
865 1991 1108 2037 ὲλαύνωσῐν
1136 1988 1292 2049 ἀνδρὸς

569 2064 663 2107 371.
694 2061 830 2123 στήλῃ
854 2065 1102 2120 κεκλιμένός
1130 2062 1425 2123 ἀνδροκμήτῳ.

389 2148 594 2190 Fortasse
625 2149 710 2191 huc
741 2149 1021 2191 referendum
1054 2155 1118 2190 est
1148 2153 1175 2191 I
1187 2149 1282 2191 477.

368 2234 474 2287 ῥεῖα,
505 2229 658 2275 λαθών
694 2229 887 2291 φύλακάς
915 2233 951 2275 τ’
982 2226 1138 2287 ἄνδρας
1170 2228 1318 2287 ὁμωάς
1345 2248 1391 2275 τε
1416 2234 1614 2288 γυναῖκας

259 2320 344 2361 quo
372 2305 469 2348 loco
501 2306 695 2349 scholion
726 2306 778 2348 ad
806 2323 845 2349 α.
880 2324 909 2349 ι.
942 2307 977 2348 τ’
1011 2305 1166 2360 omisit,
1210 2306 1269 2348 ita
1309 2312 1356 2348 ut
1393 2305 1629 2361 legendum
1660 2304 1713 2347 sit

257 2375 458 2435 φύλακᾶς
485 2371 657 2432 ἄνδρας.

392 2450 623 2492 Praeterea
666 2451 822 2506 longae
861 2452 1033 2494 vocales
1080 2457 1123 2493 et
1167 2450 1427 2508 diphthongi
1466 2455 1565 2493 ante
1603 2445 1711 2506 ἀνήρ

256 2521 568 2579 producuntur,
598 2522 643 2564 in
683 2522 816 2565 thesi:
850 2524 905 2565 cf.
937 2525 989 2565 A
1005 2522 1095 2564 151.
1129 2517 1158 2578 ἢ
1187 2518 1291 2565 ὁδόν
1327 2521 1556 2577 ἐλθέμεναι
1585 2511 1612 2579 ἢ
1639 2516 1712 2564 ἆν-

255 2593 420 2653 δράσιν,
448 2596 492 2639 in
515 2598 623 2639 arsi:
652 2597 806 2639 A403.
837 2598 979 2641 B368.
1009 2602 1056 2640 N
1068 2597 1160 2641 633.
1192 2597 1334 2644 Ξ291.
1367 2601 1418 2640 Π
1427 2597 1508 2640 386
1540 2593 1612 2653 (dr)
1640 2590 1714 2638 ἅν-

253 2670 421 2725 δρεσσι)
459 2669 573 2712 Υ74.
592 2674 641 2712 Χ
658 2670 748 2713 164.
782 2670 924 2723 Ρ4ΟΟ,
957 2686 1062 2728 quos
1094 2671 1212 2714 locos
1247 2685 1326 2728 per
1347 2685 1394 2714 se
1416 2685 1503 2713 non
1523 2669 1707 2712 multum

254 2742 553 2786 demonstrare
584 2757 711 2800 posse
747 2743 898 2786 fateor.
