1984 3332
942 170 996 213 97

247 307 332 335 uno
359 293 455 336 loco
485 293 530 335 in
559 292 696 335 Iliade
727 294 910 335 formam
941 281 1019 347 ἧκε
1058 292 1276 348 digammo
1298 292 1546 333 instructam
1575 306 1697 348 prae-

252 359 409 421 buerit,
440 367 497 409 cf.
532 365 680 409 41400.

374 438 533 490 ἵπποις
561 438 663 496 Ἑῆκε
691 436 820 492 μένος
845 435 916 478 καὶ
947 434 1014 478 ἐπ’
1043 428 1169 492 αὗτῷ
1199 435 1328 487 κῦδος
1357 433 1518 494 ἔθηκεν

197 510 200 513 ’
248 510 309 552 eis
349 510 480 563 locis,
523 510 596 551 ubi
643 510 804 551 hiatum
850 507 1046 549 illicitum
1091 508 1330 550 invenimus
1372 515 1498 564 atque
1544 510 1589 550 in
1635 509 1697 551 eis

246 581 410 636 formis,
435 581 510 625 ubi
537 586 814 638 augmentum
846 578 1104 636 syllabicum
1143 578 1356 636 digamma
1395 580 1695 624 commendare

246 652 428 706 videtur,
457 653 624 695 literam
656 652 888 710 spirantem
920 651 1179 707 neglexerit.

375 724 561 767 Literam
584 726 602 780 j
634 724 760 766 etiam
790 723 836 766 in
863 723 1120 780 pronomine
1147 724 1328 766 relativo
1368 723 1603 781 formisque
1641 725 1694 767 ab

246 794 398 838 eodem
429 795 630 837 derivatis
660 795 845 837 valuisse
877 800 920 836 et
948 794 1192 850 linguarum
1220 801 1496 851 cognatarum
1527 810 1696 853 compa-

245 867 410 909 ratione
456 873 499 909 et
545 866 811 923 argumentis
849 880 872 908 e
910 866 1167 909 carminibus
1212 865 1457 909 Homericis
1501 868 1697 926 repetitis

248 939 352 981 satis
380 945 495 981 certe
525 940 722 982 efficitur.

374 1011 620 1054 Invenimus
663 1010 777 1053 enim
816 1010 979 1052 hiatum
1017 1010 1059 1052 in
1099 1025 1275 1053 caesura
1315 1011 1534 1054 trochaica
1572 1012 1695 1070 pedis

246 1083 361 1125 tertii
391 1084 467 1138 (cf.
497 1082 659 1126 Hoffm.
689 1082 711 1124 I
738 1098 779 1139 p.
797 1082 871 1133 88)

503 1175 601 1212 ante
629 1166 732 1220 ὅσος
759 1170 908 1213 Β523.
940 1167 1120 1226 τόσοσγε
1148 1166 1252 1220 ὅσος

504 1247 602 1284 ante
630 1238 711 1284 ὅθι
756 1244 795 1285 Ε
806 1242 900 1284 857.
933 1244 1129 1294 κενεῶνα,
1158 1238 1251 1285 ὅθι.

376 1324 499 1366 Idem
525 1331 590 1366 est
615 1325 660 1367 in
688 1326 771 1367 fine
812 1325 934 1382 pedis
974 1325 1126 1383 quarti,
1169 1325 1242 1367 ubi
1281 1326 1326 1367 in
1360 1326 1477 1368 hiatu
1520 1333 1691 1370 extant:

244 1394 318 1450 (cf.
352 1394 509 1438 Hoffm.
534 1396 555 1437 I
584 1412 626 1453 p.
643 1396 727 1448 90.)

504 1475 564 1530 ὡς
656 1480 749 1522 Β3.
834 1475 941 1521 κατὰ
970 1477 1119 1537 φρένα,
1150 1475 1209 1530 ὦς

501 1543 570 1609 ᾗχι
647 1555 699 1593 A
707 1553 772 1595 76.
828 1551 1053 1606 masiaco,
1082 1542 1164 1610 ιἧχι.

504 1616 620 1680 ὄφρα
649 1623 795 1666 Ε221.
825 1621 1048 1680 ἐπιβήσεο,
1078 1616 1196 1680 &qma

652 1695 690 1736 Θ
707 1694 798 1736 105.
827 1690 1056 1751 ἐπιβήσεο,
1086 1687 1203 1751 ὄφρα

651 1766 794 1808 0232.
827 1765 956 1820 μένος
983 1765 1102 1822 μέγα,
1131 1758 1260 1823 ἷίφρα.

370 1848 565 1890 Eandem
595 1849 818 1890 metricam
847 1848 1147 1891 difficultatem
1167 1849 1284 1891 hiatu
1301 1856 1437 1891 ortam
1453 1851 1696 1893 invenimus

241 1923 284 1964 in
314 1923 401 1963 fine
428 1922 552 1977 pedis
583 1922 723 1978 primi.
752 1922 804 1963 cf.
835 1922 930 1963 H.1
961 1937 1003 1978 p.
1021 1923 1092 1964 91.-

637 2009 678 2046 Ν
686 2004 782 2047 300.
811 2002 986 2059 ἕσπετο,
1016 2001 1066 2056 ὅς
1094 2004 1129 2046 τ’

639 2076 784 2120 0227.
818 2074 993 2139 ἔπλετο,
1024 2073 1120 2119 ὅττι

638 2148 759 2190 ΨἹῙ.
811 2145 964 2191 θάπτε
997 2164 1051 2203 με
1076 2144 1182 2190 ὅττι.

372 2232 482 2273 Tum
511 2232 756 2287 saepissime
789 2239 889 2274 ante
919 2247 988 2273 cas
1020 2234 1194 2284 formas,
1235 2246 1343 2286 quae
1377 2247 1401 2271 a
1430 2232 1562 2287 stirpe
1596 2246 1692 2287 pro-

245 2304 429 2346 nominis
474 2304 642 2347 relativi
690 2303 948 2346 derivandae
991 2310 1102 2357 sunt,
1149 2302 1456 2360 productiones
1496 2302 1693 2346 brevium

241 2373 505 2431 syllabarum
536 2374 580 2417 in
609 2374 777 2418 literam
809 2389 1041 2418 consonam
1069 2373 1316 2416 exeuntium
1349 2373 1638 2415 inveniuntur.

369 2450 410 2500 a)
441 2456 539 2489 ante
571 2462 789 2490 caesuram
818 2448 1156 2490 semitm-nariam

499 2516 571 2563 ὅτε
605 2524 648 2563 Κ
666 2521 704 2563 7.
786 2512 813 2577 ἥ
841 2512 1032 2578 νιφετόν,
1062 2516 1135 2562 ὅτε

615 2594 734 2635 Y45.
793 2590 1025 2646 δειδιότᾶς,
1058 2590 1129 2635 ὅθ’

502 2661 570 2708 ὅτι
601 2669 653 2706 A
664 2665 759 2707 244.
787 2661 1020 2719 χωόμενός,
1051 2661 1120 2707 Sv'·

239 2750 346 2792 quae
379 2737 563 2778 formula
592 2737 717 2779 etiam
751 2737 965 2779 invenitur
993 2737 1138 2778 3238.
1169 2736 1193 2777 λ
1212 2736 1302 2777 103.
1333 2736 1463 2778 ν343.

1400 2809 1423 2849 7
