1984 3332
902 157 981 200 109

621 284 661 324 Β
683 280 776 323 625.
808 276 1052 332 Δουλιχίοιὸ
1079 271 1278 330 Ἐχινάων

686 354 778 397 854.
810 351 989 410 δίφροιὸ
1019 348 1199 394 ἐτώσιον

619 430 670 469 H
677 426 744 468 63.
803 419 1022 483 Ζεφύροιό
1051 418 1223 476 ἐχεύατο

618 501 669 540 Λ
680 496 773 540 732.
803 495 1047 550 ποταμοΐό·
1078 489 1183 550 ἀτάρ

619 569 663 617 Ξ
687 569 779 612 154.
812 562 1063 623 Οὖλῦμποιὸ
1092 562 1186 611 cino*

623 645 674 684 Π
680 642 776 685 512.
807 637 1000 698 ὖψηλοῖό
1029 634 1138 697 ἀρήν

630 713 777 757 Ψ224.
806 709 976 768 ἑτάροιὸ
1006 706 1184 768 ὀδύρετο

685 787 779 830 252.
807 783 976 841 ἓτόροιὸ
1007 784 1173 841 ἒνηνέος

622 859 662 901 Ω
682 857 777 901 318.
806 852 1021 915 ἇφνειοῖό,
1054 853 1098 899 ἐύ

688 931 780 972 707.
809 929 1072 983 κλαυθμοῖὸ,
1103 925 1227 984 ἐπήν.

362 1003 539 1046 Hiatum
568 1002 765 1045 illicitum
799 1001 936 1045 efficit
965 1001 1072 1043 haec
1100 999 1366 1043 terminatio:

550 1076 668 1118 ³F73.
726 1073 837 1130 ὑπὲρ
866 1072 1090 1128 ποταμοῖὸ
1119 1072 1246 1116 ἐῶσιν

543 1148 691 1191 Ω349.
720 1146 861 1202 παρὲκ
889 1146 1029 1189 fliam
1058 1143 1253 1189 ἔλασσαν.

363 1220 491 1262 Addo
522 1219 769 1275 genetivum
797 1219 962 1275 primae
995 1217 1292 1260 declinationis
1325 1219 1365 1259 in
1395 1226 1449 1260 ᾶο
1475 1218 1672 1262 desinen-

236 1298 334 1346 tem,
368 1292 438 1347 qui
470 1292 513 1333 in
542 1291 661 1333 hiatu
693 1296 832 1333 extat:

546 1363 695 1406 P610.
724 1357 860 1418 αὐτὰρ
892 1359 916 1405 ὁ
946 1359 1173 1419 Μηριόνᾶό
1204 1357 1373 1405 ὀπάονα

551 1435 668 1478 Ψ76.
725 1435 894 1489 νίσομαι
924 1433 972 1487 ἐξ
995 1429 1157 1486 'Addam
1186 1432 1306 1491 ἐπὴν.

363 1508 455 1551 Iam
486 1507 768 1550 Hoffmannus
785 1507 807 1549 I
836 1522 877 1564 p.
893 1506 961 1562 85,
989 1506 1263 1549 multitudine
1295 1507 1486 1549 locorum
1519 1513 1673 1560 motus,

232 1580 342 1622 hanc
370 1579 711 1621 terminationem
738 1578 888 1633 quovis
916 1577 1013 1620 loco
1033 1577 1196 1619 hiatum
1226 1577 1341 1619 ferre
1376 1592 1502 1635 posse
1532 1579 1670 1636 suspi-

235 1658 367 1693 catur.
420 1650 469 1694 Si
495 1648 549 1692 de
580 1650 748 1706 origine
777 1649 902 1692 huius
932 1649 1122 1705 genetivi
1156 1649 1448 1705 quaestionem
1491 1649 1673 1693 institui-

233 1737 338 1775 mus,
381 1721 491 1763 illud
531 1737 555 1764 ο
595 1736 651 1763 ex
693 1723 791 1776 „as“
828 1727 967 1763 ortum
1007 1735 1101 1763 esse
1130 1728 1177 1762 ut
1207 1721 1412 1775 dicamus,
1455 1736 1534 1764 nos
1586 1737 1673 1764 mo-

235 1800 340 1836 vent
382 1799 635 1848 argumenta
666 1808 764 1835 cum
794 1807 851 1835 ex
877 1793 970 1850 ipsa
999 1793 1268 1838 Graecorum
1298 1792 1448 1847 lingua
1491 1800 1581 1835 tum
1623 1808 1677 1836 ex

236 1864 396 1920 linguis
426 1864 617 1922 cognatis
646 1864 841 1922 repetita.
911 1865 1130 1907 Habemus
1158 1864 1272 1907 enim
1302 1865 1346 1907 in
1377 1864 1563 1907 dialecto
1591 1865 1680 1908 Do·

236 1937 322 1979 rica
350 1937 554 1980 Genetivi
584 1937 742 1979 formas
770 1936 905 1991 ἐμέος,
938 1936 1076 1991 ἐμεῧς,
1111 1936 1253 1991 ἐμοῦς,
1297 1938 1406 1990 τεῢς,
1443 1939 1569 1988 τεοῦς
1604 1939 1680 1990 (ef.

237 2008 427 2052 Ahrens.
469 2007 598 2051 Diall.
620 2008 668 2051 II
706 2024 748 2066 p·
769 2007 1021 2062 248-250),
1067 2022 1175 2065 quae
1204 2007 1318 2050 idem
1358 2008 1519 2063 valent,
1564 2008 1678 2065 quod

239 2080 349 2137 epici
379 2080 571 2137 genetivi
602 2079 735 2134 ἐμεῖο,
765 2082 874 2123 σεῖο.
931 2080 1043 2122 Istae
1077 2079 1263 2122 Doricae
1299 2080 1461 2121 formae
1497 2094 1552 2122 ex
1579 2078 1678 2134 ἐμό-

237 2167 330 2203 σιος
361 2151 529 2206 ἑμέσιος
557 2158 599 2194 et
628 2147 797 2203 τεὸσιος
816 2151 1009 2203 τεῐέσιος
1022 2151 1235 2207 originem
1262 2151 1435 2194 duxisse
1456 2152 1678 2195 habendae

238 2230 351 2279 sunt,
392 2239 486 2266 cum
525 2225 612 2280 „sj“
651 2224 932 2283 amitteretur.
998 2223 1137 2266 Etiam
1166 2223 1385 2266 nominum
1415 2224 1680 2281 genetivum,

239 2296 309 2352 qui
333 2297 375 2338 in
410 2312 492 2350 οιο,
516 2297 542 2339 i.
560 2310 595 2337 e.
621 2295 718 2350 oojo
743 2296 907 2350 desinit,
937 2296 1064 2338 litera
1090 2312 1109 2337 s
1132 2295 1250 2338 finali
1277 2296 1513 2353 praeditum
1546 2297 1679 2340 fuisse

237 2367 397 2431 linguis
428 2367 624 2424 cognatis
649 2368 750 2411 satis
783 2374 899 2412 certe
928 2367 1124 2411 efficitur.
1190 2367 1502 2412 Sanskritieum
1548 2384 1678 2427 a-sya,

239 2440 355 2495 quod
384 2440 596 2493 suffixum,
639 2455 735 2482 cum
770 2441 985 2495 genetivis
1023 2440 1258 2483 formandis
1300 2441 1518 2492 inserviat,
1564 2441 1680 2484 idem

239 2511 367 2565 valet,
391 2511 518 2571 ‘quod
548 2511 592 2552 in
630 2511 778 2565 lingua
811 2511 978 2555 Graeca
1017 2511 1260 2554 terminatio
1293 2528 1379 2554 ο-ιο
1422 2513 1448 2554 i.
1480 2526 1516 2555 e.
1549 2513 1680 2567 o-ojo,

240 2596 295 2623 ex
326 2583 565 2638 antiquiore
596 2585 748 2639 „syas“
780 2589 918 2625 ortum
947 2598 1041 2625 esse
1063 2582 1265 2625 Kuhnius
1289 2598 1428 2639 nuper
1446 2583 1679 2632 (K.Z.XV

241 2654 473 2714 p.420ss.)
502 2655 823 2698 demonstravit.
867 2655 977 2699 Cum
1009 2655 1120 2697 enim
1152 2654 1197 2697 in
1229 2655 1394 2697 vedicis
1426 2655 1598 2711 hymnis
1631 2679 1679 2685 --

241 2729 395 2783 „asyssss
424 2744 502 2786 pro
537 2753 586 2759 —-
617 2731 773 2783 „asya“
803 2729 1084 2783 inveniamus,
1129 2729 1196 2780 (cf.
1230 2729 1415 2785 Benfey:
1462 2728 1680 2771 Vollstiin-
