1984 3332
973 219 1028 262 96

259 347 403 385 ctante
432 355 584 385 sensus
616 339 834 399 cupiendi,
876 338 949 399 qui
988 337 1118 383 animi
1158 343 1324 381 motum
1365 335 1583 391 describit,
1630 340 1725 380 orta

260 414 328 469 sit,
356 413 670 456 demonstravit
697 414 860 456 Fulda:
891 414 918 456 l.
940 429 977 456 c.
1005 428 1046 470 p.
1070 413 1135 455 76.
1212 411 1509 466 Quamobrem
1541 410 1725 466 probare

259 501 347 527 non
392 500 568 541 possum
611 485 859 528 Hoffmanni
903 485 1177 538 sententiam,
1223 483 1296 539 qui
1336 482 1522 525 activum
1561 481 1659 538 ἵημι
1700 496 1724 523 a

259 555 403 599 medio
432 556 552 611 ἵεμαι
582 556 908 613 segregandum
935 569 1031 599 esse
1062 555 1221 599 statuit.
1289 554 1440 612 Itaque
1472 569 1569 597 cum
1599 552 1726 595 litera

253 630 270 685 j
306 622 348 670 in
377 629 511 671 verbo
554 628 793 684 ἵημι-ἳεμαι.
836 630 1022 671 valuisse
1073 628 1341 684 etymologia
1383 628 1720 676 demonstretur,

260 700 341 742 hac
372 699 499 742 litera
527 700 705 757 spiranti
741 699 949 743 metricae
980 699 1273 752 difficultates,
1307 712 1416 755 quae
1441 699 1576 740 verbo
1604 696 1725 751 ἵεμαι

259 772 498 829 formisque
543 773 596 814 ab
638 773 791 815 eodem
841 772 1045 814 derivatis
1076 772 1285 825 oriuntur,
1332 771 1458 813 facile
1501 770 1724 812 tolluntur.

260 843 433 899 Viginti
467 844 581 886 enim
613 844 781 886 duobus
810 844 915 886 locis
944 844 988 885 in
1020 843 1283 885 carminibus
1312 841 1573 895 Homericis,
1616 839 1724 883 Cur-

260 916 367 956 tium
398 915 433 957 si
463 915 683 972 sequimur
713 930 753 971 p.
775 916 870 969 533,
917 921 1017 957 ante
1064 915 1227 957 medias
1266 916 1425 957 formas
1468 912 1589 956 verbi
1628 911 1725 968 ἳημι

259 986 423 1028 hiatum
464 986 722 1029 invenimus.
796 987 885 1031 Sed
928 987 1053 1028 litera
1073 987 1106 1042 j,
1155 1001 1239 1042 qua
1277 986 1476 1042 spiritum
1522 998 1720 1041 asperum

262 1063 402 1099 ortum
434 1071 530 1099 esse
560 1064 743 1111 constat,
774 1058 855 1099 iste
886 1058 1025 1099 hiatus
1054 1058 1214 1114 optime
1246 1063 1491 1099 excusatur.
1562 1054 1723 1108 Quam-

260 1129 409 1170 obrem
447 1128 676 1170 Bekkerus
706 1143 794 1170 non
824 1129 978 1170 merito
1009 1129 1085 1171 has
1115 1129 1275 1171 formas
1311 1128 1528 1184 digammo
1561 1126 1719 1169 instru-

262 1205 351 1241 ctas
383 1199 429 1242 in
459 1206 626 1241 textum
656 1199 848 1254 recepit3
878 1199 1011 1241 tradit
1042 1200 1154 1241 enim
1185 1198 1304 1242 flavo
1345 1202 1385 1241 Β
1411 1198 1507 1240 589.
1564 1200 1603 1240 Ε
1627 1196 1722 1238 434.

264 1272 303 1313 Θ
331 1271 427 1313 301.
454 1271 548 1312 310.
617 1273 669 1312 A
692 1270 788 1312 537.
856 1273 909 1311 M
938 1270 1003 1313 68.
1079 1275 1126 1313 N
1150 1270 1246 1313 386.
1274 1270 1371 1312 424.
1398 1269 1494 1311 585.
1555 1271 1607 1310 H
1628 1267 1723 1310 359.

261 1342 356 1384 383-
385 1341 478 1384 866.
541 1345 578 1383 Y
602 1341 695 1385 502.
741 1340 869 1383 flevv’
902 1345 948 1383 N
970 1341 1065 1383 501.
1126 1345 1178 1384 H
1199 1341 1293 1383 761.
1343 1339 1527 1396 fce'offlyv
1562 1342 1605 1381 Ψ
1630 1338 1724 1380 718.

258 1412 466 1466 πιέμενος,
512 1412 722 1467 πιεμένων
752 1420 832 1455 etc.
862 1415 914 1454 A
941 1412 1033 1455 168.
1097 1417 1144 1455 Ν
1166 1413 1261 1454 29].
1294 1413 1387 1454 707.
1443 1414 1480 1454 Ο
1504 1411 1598 1453 450.
1628 1410 1724 1452 543.

258 1488 310 1527 Π
329 1484 425 1528 381.
455 1484 550 1527 396.
579 1484 673 1528 507.
738 1487 777 1527 Ρ
799 1484 893 1527 276.
923 1484 1017 1528 292.
1086 1487 1125 1526 Σ
1150 1484 1244 1527 547.
1317 1486 1354 1525 Y
1377 1482 1472 1525 280.
1501 1481 1596 1525 399.
1628 1480 1723 1539 469.

265 1561 305 1598 (l)
333 1556 399 1598 70.
463 1558 507 1598 Ψ
532 1557 628 1599 371.
659 1558 751 1599 767.
810 1561 851 1599 Β
884 1558 972 1600 154.
1035 1559 1073 1600 Θ
1101 1557 1196 1599 313.
1270 1556 1361 1599 Has
1391 1557 1552 1598 formas
1580 1560 1724 1597 autem

263 1643 286 1671 e
305 1628 525 1683 ιφἰ]’«·;ᾓιενος
555 1636 634 1671 etc.
667 1636 781 1671 ortas
814 1644 908 1671 esse
938 1630 1065 1672 modo
1098 1629 1378 1672 ostendimus.

393 1699 601 1742 Activum
629 1700 722 1756 ἳημι
754 1701 789 1743 si
821 1700 1085 1759 respicimus,
1128 1701 1210 1742 hoc
1250 1700 1373 1742 verbi
1421 1713 1560 1755 genus
1606 1697 1722 1756 apud

260 1772 505 1814 Homerum
548 1772 715 1813 literam
755 1773 888 1827 jnon
931 1778 1049 1813 tanta
1093 1771 1149 1823 vi,
1191 1777 1347 1828 quanta
1384 1770 1552 1813 mediae
1596 1769 1722 1812 huius

258 1842 382 1884 verbi
411 1842 594 1896 formae,
627 1842 836 1897 servavit3
868 1842 1004 1884 nihilo
1037 1842 1177 1884 minus
1209 1849 1329 1884 certa
1354 1848 1504 1884 extant
1525 1841 1724 1897 vestigia,

260 1928 370 1969 quae
401 1914 435 1955 si
463 1914 780 1970 persequimur,
811 1915 936 1956 nobis
968 1915 1280 1968 demonstrant,
1311 1914 1482 1956 literam
1512 1913 1721 1956 initialem

258 1985 457 2028 amissam
489 1999 599 2041 esse,
632 1999 741 2042 quae
766 1986 784 2041 j
815 1985 960 2041 fuerit,
990 1986 1239 2042 linguarum
1274 1986 1593 2042 comparatione
1618 1999 1721 2027 con-

259 2064 356 2101 stat.
388 2059 689 2114 Augmentum
719 2059 834 2101 enim
864 2059 1139 2114 syllabicum,
1170 2059 1285 2115 quod
1313 2058 1453 2101 adhuc
1481 2057 1722 2101 invenimus

257 2130 301 2171 in
342 2129 453 2185 epici
494 2128 657 2170 Aoristi
703 2131 842 2172 forma
881 2128 985 2185 ἕηκα
1031 2130 1105 2184 (ef.
1136 2130 1307 2185 ξυνέηκε
1338 2134 1377 2172 Β
1400 2131 1489 2185 182,
1532 2128 1720 2185 προέηκε

255 2201 404 2253 Ε29Ο,
440 2195 589 2255 ἀνέηκε
620 2204 658 2243 Ε
674 2201 771 2255 882,
802 2199 924 2257 ἕηκεν
954 2202 1073 2244 Λ48
1104 2202 1221 2256 ete),
1263 2201 1436 2244 literam
1481 2201 1715 2259 spirantem

257 2270 304 2314 in
346 2271 469 2314 initio
506 2271 628 2314 verbi
668 2271 764 2329 ἵημι
803 2272 989 2316 valuisse
1036 2272 1137 2315 satis
1182 2279 1301 2316 certe
1343 2278 1547 2326 testatur,
1593 2286 1721 2329 quam

252 2342 433 2398 jfuisse
474 2349 608 2399 patet.
669 2345 820 2399 Itaque
863 2359 952 2386 non
996 2345 1159 2398 dubito,
1206 2346 1309 2401 quin
1347 2346 1428 2387 iste
1466 2346 1605 2387 hiatus
1638 2345 1722 2386 illi—

259 2415 383 2466 citus,
429 2415 502 2472 qui
541 2416 761 2459 invenitur
797 2417 965 2460 duobus
994 2417 1081 2461 illis
1110 2417 1231 2472 locis,
1278 2432 1384 2473 quos
1412 2431 1542 2475 supra
1582 2417 1719 2470 attuli,

257 2486 385 2529 litera
416 2486 450 2542 j,
494 2501 578 2544 qua
621 2487 844 2530 Aoristum
885 2479 990 2544 ἦκα,
1037 2487 1141 2545 ἕηκα
1185 2489 1419 2545 antiquitus
1465 2489 1721 2531 instructum

257 2559 391 2601 fuisse
422 2565 602 2611 constat,
632 2559 745 2602 iuste
777 2568 1020 2603 excusetur.
1080 2562 1175 2615 Qua
1214 2562 1267 2604 de
1308 2577 1438 2605 causa
1479 2576 1567 2605 non
1612 2576 1721 2618 opus

258 2636 336 2685 est,
360 2633 404 2673 A
419 2631 473 2672 75
501 2645 600 2673 cum
628 2631 854 2673 Bekkero2
883 2632 1059 2687 legere:
1104 2627 1244 2689 ἀστέρ’
1284 2631 1419 2690 ἕηκεν.
1489 2633 1538 2677 Si
1578 2639 1722 2675 autem

255 2701 319 2744 illi
350 2703 442 2745 viro
483 2702 731 2746 doctissimo
757 2717 1010 2760 persuasum
1040 2711 1144 2757 erat,
1200 2706 1370 2747 literam
1399 2705 1628 2748 Aeolicam
1675 2705 1720 2747 in

259 2788 364 2818 voce
392 2780 540 2819 nostra
567 2774 769 2829 valuisse,
813 2790 901 2819 non
929 2775 1151 2833 intellego,
1181 2792 1259 2820 cur
1297 2777 1386 2831 ille,
1424 2792 1523 2821 cum
1552 2782 1719 2821 tantum
