1984 3332
932 146 1014 192 135

355 271 403 317 Si
418 271 471 314 de
486 271 653 330 origine
662 271 900 329 particulae
913 270 960 315 δὲ
972 272 1342 329 quaerimus,mihi
1355 286 1607 328 persuasum
1619 278 1697 325 est,

241 344 340 386 huic
365 345 602 401 particulae
628 344 923 386 adversativae
945 344 1146 385 intimum
1178 358 1395 386 conexum
1420 342 1696 386 intercedere

241 430 336 459 cum
350 416 426 459 illo
440 415 499 470 δὲ,
522 416 637 472 quod
653 416 707 458 ad
724 411 943 458 notionem
961 415 1341 459 demonstrativam
1363 414 1607 471 augendam
1629 421 1695 457 at-

240 501 323 543 que
335 487 677 544 amplificandam
695 487 1025 543 pronominibus
1044 485 1205 542 datque
1216 487 1553 541 voZogaffigitur.
1576 486 1694 528 Illud

238 558 286 603 δὲ
300 566 442 602 autem
458 559 503 601 in
521 556 595 602 ὅδε
613 566 693 602 etc.
709 559 825 602 idem
842 574 950 608 esse,
970 566 1098 615 atque
1112 559 1419 603 affirmativum
1432 555 1499 617 δή,
1518 558 1691 602 Ahren·

238 630 325 673 sius
341 631 417 681 (K.
431 630 601 674 Z.VIII
613 646 655 688 p.
668 631 750 673 355
762 634 818 681 ss)
829 629 1160 685 demonstravit,
1174 646 1431 687 quamquam
1450 645 1545 672 eam
1564 630 1694 685 viam,

241 718 366 759 quam
389 703 464 745 ille
481 702 535 745 V.
550 703 604 745 D.
630 703 852 756 ingressus
869 708 948 757 est,
964 703 1017 745 ad
1036 703 1346 758 etymologiam
1376 703 1688 758 particularum

238 770 304 830 δή,
325 773 374 817 δέ
391 774 752 828 investigandam,
775 773 1058 816 deserendam
1087 789 1181 817 esse
1197 781 1316 832 puto.
1348 774 1412 819 Ut
1439 774 1609 831 opinor,
1623 774 1690 829 δη,

241 845 289 889 δε
306 844 540 902 particulae
556 844 610 887 ad
631 845 809 903 stirpem
831 845 1098 903 pronominis
1115 845 1441 888 demonstrativi
1462 846 1562 899 ‚‚ta“
1577 845 1693 886 refe—

240 917 400 959 rendae
416 922 531 968 sunt,
542 931 668 971 quam
683 918 809 958 etiam
821 917 1095 973 amplectitur
1106 917 1411 959 sanskriticum
1428 917 1534 969 ,‚tu“
1552 916 1625 968 (cf.
1641 915 1689 959 L.
1741 973 1743 975 v

241 987 397 1045 Meyer
412 986 544 1043 VIII,
564 988 674 1042 146).
709 988 860 1045 Itaque
878 1002 972 1031 cum
991 986 1039 1031 δέ
1054 987 1371 1031 adversativum
1392 994 1520 1045 atque
1546 986 1595 1031 δέ
1622 986 1694 1031 de-

236 1059 561 1101 monstrativum
578 1060 632 1100 ad
664 1059 845 1101 eandem
878 1059 1057 1116 stirpem
1089 1061 1307 1116 pertinere
1329 1065 1492 1115 putem,
1511 1074 1598 1101 non
1615 1060 1690 1102 du-

235 1129 338 1185 bito,
355 1129 458 1187 quin
476 1129 686 1186 particula
701 1129 970 1172 adversativa
988 1129 1297 1186 antiquissimis
1317 1130 1583 1188 temporibus
1597 1130 1690 1173 lon-

235 1216 335 1256 gam
352 1202 546 1244 vocalem
563 1202 822 1258 praebuerit,
840 1217 937 1243 cum
955 1201 1000 1241 in
1030 1202 1215 1243 dialecto
1234 1202 1397 1244 Dorica
1424 1202 1566 1243 adhuc
1599 1217 1688 1244 ser-

240 1279 382 1315 vatum
412 1272 645 1315 habeamus
676 1269 701 1316 ὅ
728 1269 780 1330 δή
812 1288 891 1331 pro
922 1269 946 1316 ὁ
978 1272 1026 1315 δέ
1058 1271 1521 1317 cf.Ahrens.Diall.II
1538 1272 1689 1330 p.272.

368 1345 417 1389 Si
446 1352 589 1387 autem
622 1345 669 1388 δὲ
690 1360 713 1386 e
730 1342 781 1402 δή
805 1345 1082 1388 debilitatum
1114 1360 1208 1387 esse
1241 1352 1421 1400 constat,
1453 1345 1563 1387 hanc
1591 1361 1687 1402 par-

236 1416 412 1459 ticulam
441 1417 486 1459 in
514 1416 689 1471 antiqua
719 1416 841 1474 epica
871 1417 993 1473 poesi
1026 1417 1185 1472 longae
1215 1417 1410 1471 syllabae
1440 1430 1687 1458 mensuram

235 1487 470 1529 obtinuisse
501 1488 593 1529 veri
627 1487 893 1529 simillimum
923 1495 1007 1541 est;
1040 1488 1100 1529 sic
1133 1488 1335 1529 metricae
1365 1488 1472 1529 istae
1502 1488 1684 1530 difficul-

234 1565 358 1613 tates,
396 1573 505 1614 quae
538 1560 749 1611 vocabulo
778 1560 825 1602 δε
856 1559 1117 1613 efficiuntur,
1153 1559 1309 1601 iustam
1349 1558 1513 1601 habent
1551 1572 1684 1602 excu-

235 1629 458 1673 sationem.
513 1630 623 1674 Tum
650 1629 907 1673 accedamus
938 1630 992 1674 ad
1026 1630 1258 1689 particulas
1287 1645 1333 1687 γε
1364 1636 1407 1673 et
1436 1646 1496 1673 τε.

364 1700 516 1743 Hiatus
559 1707 679 1744 extat
718 1701 764 1743 in
802 1715 982 1744 caesura
1031 1702 1250 1745 trochaica
1294 1702 1417 1760 pedis
1456 1702 1592 1744 tertii:
1633 1703 1687 1745 cf.

233 1774 396 1816 Hoffm.
413 1774 436 1815 1
465 1790 506 1830 p.
523 1774 596 1816 89:

400 1845 441 1887 Ω
459 1844 552 1887 784.
582 1844 714 1900 τοίγε
745 1839 924 1900 ἀγίνεον.

232 1916 356 1958 Idem
385 1922 449 1958 est
477 1917 523 1958 in
555 1916 641 1958 fine
671 1916 797 1972 pedis
824 1918 983 1971 quarti:
1014 1918 1069 1959 cf.
1098 1918 1261 1961 Hoffm.
1279 1920 1302 1961 I
1330 1933 1368 1974 p.
1384 1919 1450 1961 90.

397 1987 541 2030 E542.
569 1983 795 2043 Κρήθωνά
820 2002 867 2029 τε
893 1981 1137 2042 Ὀρσίλοχόν
1162 2004 1224 2032 τε.

233 2057 386 2101 Hiatus
415 2058 594 2101 illicitus
624 2058 868 2102 invenitur:
899 2060 953 2102 cf.
980 2059 1144 2103 Hoffm.
1167 2061 1189 2102 I
1218 2077 1259 2118 p.
1277 2061 1343 2103 92.

394 2133 434 2174 Β
447 2131 514 2174 90.
572 2126 617 2172 αὶ
632 2129 710 2185 μέν
725 2130 760 2173 τ’
780 2128 892 2174 ἔνθα
919 2127 1042 2184 πάλις
1056 2129 1346 2190 πεποτήαται,
1370 2129 1415 2175 αἶ
1434 2132 1482 2176 δέ
1496 2148 1544 2176 τε
1571 2130 1685 2177 ἔνθα

396 2202 538 2246 Ρ392.
568 2199 752 2255 κυκλόσ’,
782 2197 902 2259 ἄφαρ
936 2203 984 2247 δέ
1011 2219 1058 2247 τε
1086 2202 1216 2259 ἰκμὰς
1246 2203 1337 2261 ἒβη.

233 2274 346 2318 Cum
377 2289 464 2317 non
492 2276 738 2317 inveniatur
769 2276 903 2328 locus,
943 2278 1017 2319 ubi
1046 2284 1145 2319 ante
1175 2274 1304 2332 ἰκμάς
1329 2278 1557 2333 productio
1588 2278 1685 2320 bre—

231 2344 296 2388 vis
324 2345 519 2402 syllabae
550 2346 595 2388 in
611 2346 778 2389 literam
795 2362 1028 2392 consonam
1045 2348 1280 2393 desinentis
1295 2355 1426 2404 extat,
1444 2350 1683 2405 confugere

231 2416 447 2458 nonlicet
475 2417 530 2459 ad
560 2418 731 2460 literam
760 2434 780 2461 s
805 2419 1031 2473 initialem,
1067 2436 1090 2463 e
1119 2438 1201 2477 qua
1238 2422 1436 2478 spiritum
1465 2422 1608 2463 lenem
1638 2422 1683 2463 in

229 2483 355 2542 ἰκμάς
383 2486 598 2543 originem
628 2488 804 2532 duxisse
833 2496 1001 2534 constat
1032 2491 1087 2535 cf.
1118 2490 1236 2535 Curt.
1264 2508 1307 2550 p.
1322 2491 1413 2534 127.

229 2573 275 2614 γε
305 2559 563 2616 productum
587 2560 747 2602 habes:

393 2630 419 2672 λ
434 2630 528 2673 391.
557 2631 677 2673 κλαῖε
709 2631 744 2673 δ’
778 2627 806 2673 δ’
833 2640 882 2687 y&
911 2632 1073 2689 λιγέως.

229 2717 276 2744 τε
306 2702 564 2760 productum
595 2703 705 2746 vidi:
736 2703 782 2759 a)
809 2711 909 2748 ante
937 2703 1130 2761 μινύθω.
