1984 3332
956 235 1011 278 94

245 352 536 396 Hoffmannus
567 353 607 395 ci
641 354 786 397 inesse
815 353 971 407 firmet,
1007 368 1105 396 cum
1134 354 1247 397 hanc
1278 354 1611 412 productionem
1641 357 1706 399 ni-

242 425 305 467 hil
333 426 481 467 valere
511 426 640 477 dicat,
668 427 723 468 ad
738 426 905 468 literam
924 427 1160 483 spirantem
1177 426 1358 469 vocibus
1373 427 1702 482 vindicandan13

244 495 349 538 mihi
380 502 527 538 autem
558 503 738 549 constat,
766 497 1015 555 ubicunque
1046 497 1174 540 litera
1203 498 1381 554 spiranti
1411 497 1567 540 initiali
1585 498 1704 541 vocis

243 568 462 624 sequentis
493 568 825 624 productionem
862 570 1081 625 explicare
1127 584 1368 626 possumus,
1412 569 1522 611 hanc
1565 570 1703 612 solam

244 653 338 682 esse
365 639 480 681 viam
508 638 757 694 ineundam,
795 640 849 683 ad
881 641 1104 683 metricam
1134 641 1436 684 difficultatem
1473 655 1702 684 removen-

245 711 358 754 dam.
417 711 485 754 De
527 712 720 768 reliquis
739 720 882 755 autem
910 714 1032 768 locis,
1072 714 1145 757 ubi
1188 715 1266 756 hac
1311 714 1599 770 explicatione
1640 714 1704 756 uti

244 798 330 826 non
360 800 603 841 possumus,
644 786 768 828 nobis
794 785 909 828 idem
944 786 1219 830 iudicandum
1248 793 1323 838 est,
1372 786 1487 843 quod
1522 786 1575 829 de
1603 800 1703 844 pro-

244 855 517 898 ductionibus
546 856 592 898 in
622 858 811 899 caesuris
844 858 1213 901 seminovenariae
1244 865 1287 900 et
1318 858 1701 914 semiseptenariae

244 927 484 979 statuimus,
524 933 689 984 poetas,
734 943 833 970 cum
865 929 1037 971 Graeca
1069 930 1219 985 lingua
1258 930 1342 971 iam
1374 929 1627 972 memoriam
1654 930 1703 972 li-

240 1005 430 1042 terarum
463 999 731 1057 spirantium,
761 1014 866 1055 quas
899 1015 955 1043 ex
988 1001 1231 1058 antiquiore
1265 1002 1390 1059 epica
1422 1001 1539 1059 poesi
1571 1000 1625 1043 ad
1656 1015 1702 1044 se

242 1071 421 1128 recepit,
464 1071 689 1122 amisisset,
736 1073 810 1124 ita,
851 1078 899 1113 ut
929 1086 1029 1114 vera
1063 1087 1188 1114 causa
1218 1073 1516 1128 productionis
1546 1086 1705 1128 cogno-

243 1142 303 1186 sci
324 1157 412 1184 non
429 1148 591 1200 posset,
618 1142 724 1185 falsa
754 1142 955 1198 analogia
983 1143 1213 1186 adiuvante
1243 1143 1372 1185 etiam
1401 1144 1461 1186 ibi
1491 1143 1702 1200 syllabam

243 1216 422 1258 brevem
456 1216 499 1257 in
534 1230 768 1259 consonam
799 1216 968 1258 literam
1000 1215 1271 1258 desinentem
1313 1216 1586 1273 produxisse,
1632 1217 1692 1258 ub

242 1301 267 1329 e
297 1286 434 1329 literis
463 1286 724 1342 spirantibus
755 1286 870 1329 iusta
899 1287 1118 1329 excusatio
1151 1287 1291 1344 repeti
1321 1302 1407 1330 non
1438 1293 1622 1344 poterat.

372 1358 447 1402 Eis
475 1359 668 1410 vocibus,
716 1373 824 1415 quae
865 1359 911 1400 in
943 1358 1083 1402 Iliade
1112 1365 1229 1401 certa
1272 1359 1456 1416 vestigia
1498 1359 1651 1402 literae
1680 1374 1700 1401 s

242 1430 419 1473 initialis
463 1430 755 1488 reliquerunt,
808 1431 1137 1473 adnumerarem
1177 1430 1439 1473 adiectivum
1483 1428 1627 1486 ἕτεὸς,
1664 1431 1701 1473 si

243 1503 494 1560 exemplum
523 1503 568 1545 in
604 1503 861 1546 carminibus
890 1502 1140 1545 Homericis
1169 1503 1449 1558 inveniretur,
1481 1519 1565 1561 quo
1594 1518 1700 1562 pro-

243 1574 492 1617 ductionem
519 1574 663 1617 brevis
692 1575 887 1630 syllabae
917 1574 963 1616 in
991 1575 1163 1617 literam
1192 1589 1427 1617 consonam
1459 1574 1699 1618 desinentis

240 1653 313 1689 aut
349 1647 512 1688 hiatum
555 1646 756 1688 illicitum
798 1647 880 1688 hoc
920 1646 1134 1689 adiectivo
1177 1653 1317 1689 ortum
1362 1661 1458 1690 esse
1501 1646 1701 1690 ostende-

240 1724 375 1762 retur.
433 1718 639 1775 Quinque
685 1719 799 1762 enim
843 1718 950 1761 locis
993 1718 1101 1761 locis
1138 1719 1323 1774 legimus
1354 1719 1398 1761 in
1429 1719 1515 1762 fine
1544 1732 1697 1761 versus

241 1792 380 1834 hance
414 1791 668 1834 formulam:

767 1854 816 1905 εἰ
848 1858 969 1906 ἐτεόν
996 1877 1043 1919 γε

233 1935 376 1979 Ε104.
411 1935 562 1978 Θ423.
593 1934 758 1976 Μ217.
791 1935 941 1977 N153.
972 1934 1117 1980 5125.

372 2008 662 2051 Hoffmannus
692 2022 790 2049 cum
811 2008 836 2050 I
866 2022 907 2064 p.
924 2007 979 2049 64
1014 2007 1123 2049 haec
1165 2006 1257 2050 sola
1298 2006 1502 2063 exempla
1532 2006 1697 2064 produ-

240 2087 334 2123 ctae
364 2080 602 2137 particulae
630 2095 669 2122 ει
698 2079 743 2120 in
775 2079 924 2134 quinta
955 2079 1039 2121 arsi
1071 2093 1165 2122 esse
1197 2079 1364 2133 doceat,
1396 2078 1520 2120 dicit:
1564 2084 1695 2134 „eget

241 2159 387 2194 tamen
417 2151 632 2207 digamma
661 2166 750 2194 vox
777 2148 923 2202 ἐτεός“
969 2150 1164 2194 Literam
1197 2156 1341 2193 autem
1372 2149 1581 2193 initialem
1610 2165 1697 2193 non

241 2224 374 2266 fuisse
392 2224 623 2279 digamma,
647 2224 723 2266 sed
743 2240 776 2279 s,
794 2223 1063 2281 etymologia
1085 2222 1425 2276 demonstratur3
1445 2218 1565 2272 ἕτεός
1582 2222 1696 2264 enim

241 2303 306 2339 est
330 2295 634 2339 sanskriticum
660 2302 807 2351 satyas
838 2296 894 2339 cf.
927 2295 1050 2340 Curt.
1084 2310 1125 2351 p.
1145 2295 1235 2337 188.
1266 2295 1356 2338 Sed
1387 2309 1483 2337 cum
1515 2294 1590 2336 illa
1607 2308 1695 2361 ’ex-

241 2367 398 2424 empla,
428 2382 536 2423 quae
565 2367 692 2411 modo
721 2368 856 2422 attuli,
874 2374 1041 2410 tantum
1071 2367 1402 2425 productionem
1432 2366 1694 2424 diphthongi

239 2455 293 2495 ει,
323 2454 435 2496 quae
459 2439 509 2482 fit
540 2440 584 2481 in
616 2441 717 2494 arsi,
742 2446 841 2481 ante
871 2436 990 2490 ἐτεός
1018 2438 1261 2493 ostendant,
1292 2453 1349 2481 ex
1377 2438 1444 2481 his
1463 2438 1567 2481 solis
1586 2438 1696 2480 nihil

240 2512 294 2555 de
324 2511 452 2555 litera
481 2511 686 2569 spiranti,}
713 2525 796 2566 qua
840 2506 959 2562 ἕτεός
1002 2510 1117 2568 apud
1147 2510 1388 2554 Homerum
1437 2509 1694 2553 instructum

238 2584 332 2639 fuit,
359 2583 623 2627 concludere
654 2583 803 2626 ausim.

369 2656 462 2699 Iam
478 2656 729 2712 quaestione
747 2655 800 2697 de
819 2654 944 2697 litera
960 2670 979 2697 s
992 2653 1146 2696 initiali
1175 2659 1273 2696 ante
1300 2653 1475 2697 vocales
1490 2652 1546 2695 ad
1563 2654 1693 2697 finem

235 2729 475 2789 perducta,
514 2728 706 2770 animum
750 2727 1024 2769 advortamus
1070 2726 1123 2769 ad
1161 2741 1211 2769 ea
1249 2726 1461 2784 exempla,
1512 2725 1694 2783 quaein

237 2803 356 2846 hiatu
370 2802 512 2861 posita
522 2801 635 2843 hanc
657 2800 881 2842 metricam
899 2799 1199 2842 difficultatem
1220 2799 1347 2841 litera
1372 2798 1567 2857 spiranti,
1583 2812 1693 2854 quae
