1984 3332
1007 211 1060 253 12

438 331 544 398 Vilu
575 339 619 375 et
648 332 850 375 adiectivi
882 339 925 376 ct
955 333 1210 377 substantivi
1225 345 1405 375 munere
1433 332 1653 388 fungitur3
1684 333 1763 376 cf.:

308 410 493 468 Rg.Vd.
512 411 550 452 8.
566 410 634 454 45.
654 412 694 465 6,
725 425 854 467 quem
884 412 1027 455 locum
1057 411 1186 454 modo
1218 411 1514 461 excitavimus,
1557 410 1762 468 idemque

307 488 372 526 est
397 483 480 538 Rg.
500 483 584 525 Vd.
601 482 640 525 8.
657 484 721 525 77.
740 483 779 526 3.
815 483 902 538 (ed.
935 484 994 526 M.
1031 483 1189 526 Miiller
1205 485 1246 526 8.
1265 483 1331 526 88.
1350 483 1409 538 3),
1453 483 1524 526 ubi
1554 482 1649 526 adri
1677 483 1759 526 hoc

306 554 498 612 epitheto
531 560 730 598 ornatum
760 554 919 599 habes:

436 642 491 668 na
521 630 593 669 tva
621 615 806 682 brhanto
836 628 1001 683 adrayo
1032 633 1210 670 varantu
1241 628 1398 694 vilava.

436 719 524 747 non
556 710 598 747 te
630 705 804 760 (Indra)
836 704 1042 761 detegant
1071 706 1181 749 firmi
1213 713 1380 750 montes
1409 707 1450 758 (i.
1471 721 1507 749 c.
1545 706 1687 760 arces)
1703 722 1760 748 sc.

1219 778 1495 822 daemonum.

308 858 391 914 Rg.
425 858 509 902 Vd.
540 859 574 902 Ι.
606 859 673 903 39.
701 859 740 904 2.

439 931 575 973 3ιὶιίΓᾶ
604 947 678 973 va:
708 933 1010 986 santvayudha
1034 933 1127 997 vilu
1156 940 1242 976 uta.

440 1023 559 1051 arma
589 1014 735 1051 vestra
765 1015 894 1052 sunto
921 1010 1091 1054 stabilia
1119 1017 1161 1054 et
1191 1011 1324 1054 firma-

305 1090 577 1134 Substantivi
606 1092 722 1134 vices
753 1093 845 1159 vilu
875 1094 1014 1148 gerit:
1045 1096 1100 1138 cf.
1133 1095 1214 1151 R-g.
1243 1095 1328 1138 Vd.
1358 1095 1390 1137 Ι.
1422 1095 1461 1136 6.
1490 1095 1533 1135 4.

436 1174 527 1215 vilu
545 1172 605 1219 dit
624 1173 935 1232 arugatnubhi:
966 1178 1085 1232 gub&
1100 1174 1162 1220 c'it
1181 1177 1306 1219 indra
1325 1176 1556 1219 vahnibhi:
1580 1175 1759 1217 avinda:

304 1251 463 1305 usriya.
489 1231 607 1294 ‘Cum
637 1267 759 1294 arces
789 1254 1090 1308 frangentibus
1120 1254 1260 1295 ventis
1290 1260 1348 1305 tu,
1381 1268 1406 1294 ο
1437 1253 1586 1307 Indra,
1611 1266 1762 1293 vaccas

303 1324 349 1365 in
379 1325 549 1366 occulto
579 1324 844 1368 inveniebas.
903 1325 1103 1369 Eundem
1133 1339 1306 1368 versum
1339 1325 1479 1381 legis:
1525 1324 1642 1370 Sam.
1673 1323 1760 1366 Vd.

303 1393 363 1449 II,
392 1393 431 1436 2.
459 1393 498 1435 2.
529 1395 566 1437 7.
595 1395 634 1438 3.
667 1409 795 1452 quem
827 1396 1005 1454 Benfey
1029 1396 1089 1439 ita
1120 1395 1271 1439 vertit:
1333 1394 1413 1438 Mic
1450 1395 1532 1437 den
1563 1395 1632 1437 die
1652 1393 1762 1436 Bur-

303 1482 386 1522 yen
417 1467 694 1522 brechende‘m
733 1469 810 1511 den
850 1470 1139 1523 stizrmenden,
1176 1468 1351 1523 fanda,
1399 1467 1552 1522 Ιπᾱνα,
1599 1467 1657 1509 du
1689 1467 1759 1509 die

306 1536 431 1579 Kahe
462 1540 507 1580 in
540 1539 615 1581 der
652 1540 816 1583 Grotte.

435 1623 517 1680 Rg.
547 1623 633 1668 Vd.
664 1624 702 1667 3.
732 1625 798 1668 31.
829 1625 868 1668 5.

438 1707 556 1772 vilan
596 1712 699 1751 satir
740 1709 841 1752 abhi
879 1709 1006 1751 dhira
1046 1709 1246 1752 atrindan

305 1797 387 1850 „In
418 1811 517 1840 arce
546 1804 737 1842 versatas
765 1798 953 1853 (vaccas)
986 1797 1249 1840 libe1·arunt“
1281 1797 1359 1852 (sc.
1390 1796 1661 1853 Angirasas).

436 1881 602 1925 Eodem
634 1897 776 1937 senSU,
820 1878 904 1940 quo
944 1881 1052 1936 vilu,
1093 1880 1221 1924 etiam
1266 1880 1428 1936 legitur
1468 1888 1576 1938 part.
1619 1887 1756 1939 praet.

304 1956 436 2024 vilita.
469 1959 524 2003 cf.
545 1973 555 2000 ε
993 1939 1004 1948 ⁵

434 2038 517 2095 Rg.
539 2038 625 2081 Vd.
644 2039 816 2083 2.21.4.
848 2040 1091 2094 acuathnan
1117 2037 1454 2105 drlhavradanta
1483 2036 1613 2104 vilita
1642 2036 1761 2092 udga

303 2109 415 2169 agad
433 2139 483 2146 -
502 2116 664 2171 aguhat
692 2123 805 2159 tamo
837 2114 1206 2173 vyac'akshatsva:
1236 2118 1263 2160 i.
1279 2133 1315 2160 e.
1334 2116 1473 2172 „firmi
1503 2116 1588 2158 loci
1619 2114 1759 2156 solve-

302 2189 471 2240 bantur,
515 2204 638 2232 arces
668 2189 993 2246 frangebantur,
1022 2205 1173 2234 vaccas
1205 2190 1377 2245 (Indra)
1410 2188 1591 2247 expulit,
1640 2194 1757 2230 tene-

302 2259 402 2300 bras
432 2260 623 2302 occultas
654 2260 803 2313 tenuit,
834 2261 1003 2303 coelum
1036 2261 1219 2303 hilarem
1251 2260 1481 2303 1·cddidit.“

433 2341 504 2383 Ex
534 2342 600 2384 his
631 2342 738 2384 locis
768 2343 992 2399 perlucide
1020 2350 1212 2401 apparet,
1254 2357 1405 2386 vocem
1450 2340 1755 2384 sanskriticam

305 2413 451 2481 „vilu“
499 2413 671 2456 firmum
718 2414 862 2456 locum
905 2415 932 2457 i.
964 2429 999 2457 e.
1030 2428 1173 2457 arcem
1220 2413 1444 2470 („Feste“)
1484 2412 1755 2470 significare,

302 2499 433 2549 atque
464 2493 575 2533 hanc
606 2506 755 2534 vocem
786 2493 839 2533 ad
882 2493 1066 2535 candem
1107 2493 1285 2551 stirpem
1330 2505 1425 2535 esse
1469 2491 1760 2546 referendam,

303 2579 414 2623 quae
447 2565 526 2608 sub
559 2564 734 2607 nomine
750 2557 882 2616 Ἴλιος
912 2564 1029 2619 latet,
1065 2564 1166 2608 mihi
1197 2580 1451 2623 persuasum
1481 2563 1633 2608 habeo.
1703 2564 1758 2608 In

302 2652 410 2680 voce
432 2631 565 2687 ’Ἱλιος
593 2653 608 2679 ι
643 2651 814 2693 semper
846 2637 1107 2693 productum
1138 2652 1184 2680 se
1213 2644 1420 2695 praestat,
1454 2637 1513 2679 ita
1552 2643 1601 2678 ut
1629 2636 1760 2693 stirps

302 2709 556 2754 sanskritica
568 2708 683 2779 „vi-N
714 2724 899 2764 graecae
923 2709 1003 2753 sik
1016 2716 1218 2755 accurate
1248 2709 1526 2768 respondeat.
1557 2707 1605 2756 Si
1632 2708 1648 2751 l
1676 2706 1757 2751 lin-

301 2790 448 2846 guale,
481 2804 591 2846 quae
621 2791 746 2834 litera
778 2789 896 2832 vices
924 2788 952 2830 d
979 2789 1182 2846 lingualis
1211 2790 1340 2846 gerit,
1370 2789 1641 2847 respicimus,
1662 2790 1760 2834 stir-
