1984 3332
974 162 1028 206 37

285 293 330 329 et
355 301 380 329 e
410 287 552 330 verbis
583 287 785 344 Dionysii
830 293 873 330 et
917 302 941 329 e
971 285 1163 329 metricis
1210 284 1450 327 rationibus
1495 282 1610 341 apud
1647 282 1735 325 Ho-

277 372 445 401 merum
474 358 584 400 nihil
613 358 668 401 de
699 359 827 401 litera
857 357 1022 412 initiali,
1053 372 1136 416 qua
1166 352 1274 414 ἀνήρ
1305 355 1437 398 fuerit
1458 355 1732 406 instructum,

275 431 475 474 concludi
504 445 630 487 posse
680 432 835 484 firmat,
874 431 1155 488 quamobrem
1189 429 1319 471 etiam
1360 427 1561 485 spiritum
1611 440 1732 483 aspe-

274 516 383 556 rum,
428 502 500 560 qui
541 502 759 545 invenitur
787 502 833 544 in
867 498 1013 558 ἄνδρα,
1058 501 1156 559 quia
1195 516 1285 544 non
1325 515 1348 543 e
1393 499 1519 542 litera
1548 497 1730 557 spiranti

273 579 393 616 ortus
421 573 489 628 sit,
521 574 670 616 falsam
701 574 944 629 analogiam
969 579 1167 616 secutum
1201 573 1245 615 in
1285 573 1364 615 hac
1396 586 1505 614 voce
1537 570 1724 613 valuisse

274 645 415 688 docet.
446 645 499 687 cf.
528 661 575 702 p,
590 645 684 688 617.
716 645 806 689 Sed
834 645 961 687 illum
988 646 1131 687 virum
1165 645 1339 688 doctum
1369 650 1488 686 recta
1516 642 1730 686 sententia

272 730 361 759 non
405 716 582 759 ductum
623 730 747 771 esse,
791 716 1088 759 demonstrare
1135 717 1333 758 conabor.
1422 714 1598 770 Negare
1642 728 1729 756 non

273 803 460 846 possum,
501 802 564 842 ea,
603 802 712 845 quae
758 788 900 830 attulit
948 787 1182 843 Legerlotz
1231 786 1419 839 (Kuhn's
1447 785 1641 830 Ztschrft
1666 784 1725 827 X.

274 873 315 916 p.
332 860 445 914 374),
476 866 746 916 argumenta,
785 867 832 903 ut
860 874 883 902 e
913 874 960 903 re
990 859 1182 915 metrica,
1222 859 1361 917 qualis
1394 864 1461 901 est
1489 857 1605 916 apud
1635 857 1725 900 Ho-

273 946 455 985 merum,
482 933 578 975 voci
597 926 701 989 ἀνὴρ
733 932 904 974 literam
922 931 1151 974 Aeolicam
1174 931 1381 984 vindicet,
1409 930 1519 972 nihil
1550 930 1727 972 demon-

269 996 411 1046 'strare
440 1017 581 1060 posse.
648 1003 793 1047 Affert
824 1003 939 1046 enim
967 1003 1042 1046 ille
1073 1002 1127 1046 V.
1157 1002 1214 1046 D.
1245 1002 1300 1045 ad
1328 1001 1584 1045 sententiam
1610 1015 1729 1044 suam

273 1075 528 1118 firmandam
547 1076 683 1119 13216
713 1076 887 1131 (locum,
915 1075 969 1118 de
999 1091 1083 1133 quo
1111 1075 1298 1132 agimus)
1330 1080 1459 1130 atque
1478 1077 1506 1116 I
1521 1073 1611 1116 189.
1627 1073 1723 1116 524.

271 1149 308 1189 θ
326 1146 390 1198 73,
418 1146 492 1188 ubi
520 1146 565 1188 in
593 1146 680 1189 fine
710 1161 875 1189 versus.
895 1146 1060 1203 legitur
1088 1145 1189 1188 κλέα
1217 1139 1409 1201 ἅνδρων;
1456 1144 1533 1187 sed
1565 1158 1664 1186 cum
1693 1160 1722 1186 α

271 1218 318 1258 in
347 1217 462 1272 κλέα,
507 1232 615 1275 quae
653 1218 793 1260 forma
827 1232 850 1260 e
884 1217 1036 1260 κλέπεα
1073 1223 1166 1259 orta
1206 1223 1283 1269 est,
1327 1216 1509 1271 longum
1554 1215 1624 1269 sit,
1666 1215 1718 1258 cf.

271 1289 475 1333 Hoffm.I
505 1305 546 1348 p.
565 1289 632 1343 87,
661 1289 726 1332 illi
755 1289 841 1332 loci
868 1289 979 1331 nihil
1007 1289 1165 1332 valent.
1212 1289 1506 1343 Quamobrem
1538 1287 1621 1330 alia
1649 1302 1715 1329 ar-

270 1367 475 1418 gumenta
507 1375 530 1403 e
576 1362 836 1404 carminibus
866 1362 1112 1405 Homericis
1153 1361 1391 1418 repetenda
1436 1367 1548 1404 sunt.
1617 1360 1720 1404 Vox

269 1427 392 1489 ἀνήρ,
422 1447 530 1491 quae
558 1433 603 1475 in
622 1433 760 1476 Iliade
790 1433 896 1477 locis
927 1433 1253 1489 quadringentis
1283 1433 1505 1488 octoginta
1534 1433 1723 1489 quinque

268 1504 442 1561 legitur,
471 1504 580 1547 locis
610 1512 780 1548 centum
800 1505 1035 1561 nonaginta
1057 1511 1153 1547 octo
1171 1505 1387 1562 digamma
1408 1505 1607 1560 admittit,
1624 1520 1723 1548 cum

269 1582 312 1619 et
342 1576 450 1619 locis
478 1583 650 1621 centurn
679 1577 906 1635 sexaginta
920 1578 1053 1635 longa
1072 1577 1240 1634 syllaba
1261 1578 1500 1633 antecedat,
1518 1583 1562 1620 et
1577 1577 1724 1621 decies

270 1649 410 1693 sexies
443 1665 465 1691 ν
500 1647 806 1707 ἑφελκυστικόν
838 1650 1033 1693 deleatur
1066 1657 1109 1692 et
1140 1650 1329 1693 sedecim
1358 1649 1466 1693 locis
1496 1655 1569 1692 aut
1594 1651 1727 1707 longa

271 1722 437 1777 syllaba
463 1722 508 1764 in
531 1717 729 1777 ,vocalem
761 1721 961 1764 desinens
991 1727 1065 1764 aut
1101 1722 1247 1765 brevis
1285 1723 1453 1777 syllaba
1482 1722 1528 1765 in
1556 1723 1725 1766 literam

273 1807 505 1836 consonam
540 1793 690 1836 exiens
721 1792 977 1851 productam
1010 1808 1056 1836 se
1084 1799 1296 1850 praestet3
1328 1808 1433 1848 quos
1459 1794 1579 1837 locos
1598 1794 1634 1837 si
1665 1794 1728 1837 in-

267 1864 486 1924 spicimus,
522 1866 659 1909 3198
692 1865 1014 1923 diphthongum
1047 1882 1097 1910 ov
1138 1866 1182 1908 in
1213 1866 1322 1909 thesi
1362 1872 1460 1909 ante
1491 1860 1599 1923 οἷνήρ
1629 1881 1725 1924 pro-

268 1936 441 1980 ductam
468 1937 647 1995 praebet
660 1937 740 1981 cf.:
769 1931 820 1981 ὃν
850 1937 888 1981 δ’
919 1929 980 1981 αὖ
1009 1933 1150 1995 δήμου
1181 1930 1325 1993 ἄνδρα,
1350 1937 1463 1996 quod
1493 1953 1724 1996 argumen-

268 2015 359 2051 tum
387 2023 476 2051 non
502 2009 613 2050 levis
643 2023 737 2052 esse
773 2009 979 2051 momenti
1012 2024 1142 2066 supra
1184 2009 1461 2052 ostendimus,
1534 2009 1724 2053 Wolfius

266 2081 321 2124 ad
353 2080 570 2124 metricam
601 2080 902 2123 difficultatem
947 2081 1183 2124 tollendam
1222 2081 1454 2124 lectionem
1493 2081 1722 2140 proponit:

268 2149 405 2210 δήμου
435 2153 471 2194 τ’
503 2146 646 2207 ἄνδρα,Ι
677 2153 753 2195 sed
781 2167 870 2195 non
898 2158 1018 2195 recte
1047 2168 1097 2196 ac
1126 2153 1294 2209 merito,
1331 2168 1428 2196 cum
1457 2153 1607 2211 optimi
1653 2168 1744 2197 cor

268 2225 387 2270 dices
422 2222 562 2282 δήμου
592 2218 725 2281 ἄνδρα
754 2240 840 2286 non
876 2225 1101 2269 interiecta
1128 2226 1342 2284 particula
1383 2242 1444 2281 τε,
1471 2227 1720 2284 praebeant.

268 2297 380 2339 Tum
408 2297 664 2356 particulam
695 2296 992 2339 affirmativam
1038 2290 1137 2353 ἤτοι
1179 2297 1225 2339 in
1268 2297 1352 2340 arsi
1391 2298 1577 2341 secunda
1620 2304 1721 2341 ante

265 2364 416 2425 ἄνδρες
444 2370 699 2428 productam
726 2371 967 2413 invenimus
1000 2370 1056 2413 cf.
1087 2370 1236 2413 B813.

487 2438 564 2500 τὴν
592 2435 688 2499 ἤτοι
715 2435 867 2498 ἄνδρες
897 2441 1100 2498 Βατίειαν
1127 2439 1440 2500 κικλήσκουσιν,
1652 2500 1654 2502 Γ

266 2528 375 2573 quae
403 2514 631 2572 productio
660 2515 786 2557 nobis
817 2516 1029 2558 maximae
1058 2516 1287 2559 offensioni
1317 2530 1412 2560 esse
1445 2517 1589 2572 debet,
1622 2531 1720 2560 cum

264 2588 317 2630 ab
349 2585 612 2630 Hoffmanno
640 2586 687 2629 II
710 2603 753 2645 p.
772 2587 863 2630 186.
894 2589 948 2631 cf.
978 2603 1019 2645 p.
1040 2588 1120 2631 170
1150 2588 1196 2631 in
1226 2603 1455 2632 numerum
1483 2589 1719 2643 „malarum

263 2658 596 2716 productionum
626 2674 780 2702 vocum
810 2659 1136 2703 encliticarum“
1168 2661 1407 2718 redigatur.
1469 2662 1624 2720 Neque
1655 2662 1716 2704 le-

264 2731 401 2775 vioris·
426 2732 633 2775 momenti
663 2732 716 2774 ad
744 2731 915 2775 literam
947 2733 1156 2776 initialem
1187 2735 1285 2777 voci
1326 2740 1497 2779 nostrae
1528 2735 1717 2779 tribuen-
