1984 3332
960 184 1008 225 21

263 310 354 345 tum
384 310 449 346 est
481 328 528 334 -
554 309 691 347 ortam
724 318 818 346 esse
844 309 961 361 puto,
1021 303 1140 345 Haec
1171 302 1382 345 derivatio
1416 302 1520 343 mihi
1556 300 1719 356 simpli-

262 375 353 419 cior
395 391 489 420 esse
534 376 706 420 videtur
754 391 881 435 quam
926 374 1160 433 explicatio
1187 392 1211 418 a
1240 374 1390 420 Curtio
1425 373 1604 432 prolata,
1643 372 1715 431 qui

262 446 317 489 ad
348 447 539 490 radicem
569 449 655 490 skr.
689 448 834 502 „lash“
869 447 1083 504 „cupere“
1112 447 1322 502 confugit.
1397 445 1555 490 Utrum
1587 444 1718 487 etiam

260 519 426 574 λαρινοὶ
447 516 548 573 βόες
578 516 767 573 (λαρινός
788 520 968 561 fortasse
1001 535 1023 562 e
1040 516 1244 575 λοῖσρινός
1260 526 1400 561 ortum
1432 519 1514 573 est)
1545 516 1599 559 ad
1620 515 1711 559 stir-

263 604 360 648 pem
379 604 486 647 quae
503 591 581 633 sub
599 590 752 645 „dasa“
770 590 886 646 latet,
898 590 1156 647 pertineant,
1172 591 1230 634 ita
1245 596 1293 633 ut
1310 590 1558 648 significent
1569 590 1720 643 boves,

263 664 336 719 qui
365 664 409 706 in
440 669 654 719 potestate
687 663 942 705 daemonum
988 670 1086 705 sunt
1133 664 1209 718 (cf.
1239 678 1388 706 vaccas
1418 663 1533 721 apud
1563 663 1714 717 Indos)

260 749 413 789 necne,
461 736 544 777 hoc
584 736 680 778 loco
710 735 953 778 diiudicare
984 735 1101 777 nolo.
1166 735 1256 777 Iam
1287 742 1458 778 veteres
1485 735 1569 777 hoc
1600 734 1716 777 adie-

262 807 424 850 ctivum
457 813 500 849 et
533 802 626 850 οἷπό
644 807 841 862 Λαρίνου
870 803 1084 861 βουκόλου
1107 806 1348 862 κλέψαντος
1368 804 1445 857 τὰς
1456 804 1720 861 (Ηρακλέους

266 880 386 933 βοῦς,
417 886 460 921 et
491 894 514 920 a
543 876 674 934 λαρός
701 879 776 933 (cf.
794 879 913 923 Curt.
949 895 991 937 p.
1007 879 1107 935 324)
1138 878 1404 922 derivabant.
1429 878 1484 920 cf.
1512 877 1719 920 Preller.:

268 951 348 994 Gr.
367 950 499 1007 Myth.
522 950 580 1005 ΙΙ,
596 951 690 992 206.
709 951 840 993 Anm.
857 951 895 993 2.
951 950 1044 992 Iam
1075 966 1170 992 cum
1208 957 1390 1002 constet,
1419 949 1560 992 μίλιον
1585 949 1719 991 fuisse

262 1037 407 1064 arcem
438 1023 672 1064 coelestem
701 1028 828 1077 atque
848 1022 1049 1065 Paridem
1069 1037 1249 1065 munere
1273 1037 1421 1064 eorum
1442 1021 1715 1074 daemonum,

260 1093 336 1150 qui
369 1094 518 1136 lucem
547 1093 592 1135 in
619 1093 692 1135 illa
721 1107 822 1135 arce
854 1093 1063 1136 occultam
1093 1099 1257 1147 tenent,
1287 1093 1482 1135 functum
1500 1106 1608 1146 esse,
1626 1092 1712 1135 He·

258 1167 402 1209 lenam
438 1164 575 1219 deam,
617 1175 723 1221 quae
754 1165 899 1207 lucem
927 1171 1239 1221 repraesentat,
1292 1165 1423 1208 fuisse
1465 1170 1597 1223 patet.
1655 1165 1715 1208 M.

260 1238 444 1283 Miiller:
493 1238 695 1295 Vorlesg.
725 1255 765 1297 p.
780 1239 876 1294 431,
920 1239 992 1281 ubi
1021 1238 1075 1281 de
1117 1238 1269 1282 vedica
1299 1238 1392 1292 dea,
1439 1252 1547 1294 quae
1580 1237 1715 1280 nomi-

259 1317 387 1353 natur
416 1312 608 1363 Sarama,
638 1312 740 1368 agit,
770 1312 880 1354 hanc
919 1312 1044 1354 deam
1071 1311 1126 1353 ad
1164 1316 1358 1353 nostrum
1390 1311 1589 1365 mythum
1618 1309 1714 1351 illu—

261 1384 480 1427 strandum
510 1383 745 1441 plurimum
772 1384 919 1426 valere
950 1389 1081 1441 putat.
1157 1382 1226 1425 De
1265 1382 1347 1425 hac
1379 1382 1459 1424 dea
1486 1382 1595 1424 haec
1619 1382 1713 1425 fere

259 1453 305 1496 in
333 1454 497 1496 vedicis
526 1455 699 1512 hymnis
728 1461 967 1497 narrantur.
1008 1454 1199 1506 Sarama,
1229 1454 1407 1495 deorum
1440 1453 1571 1507 canis,
1599 1459 1715 1509 post-

261 1542 390 1581 quam
419 1542 577 1569 vaccae
606 1543 630 1569 a
657 1528 950 1582 daemonibus,
1000 1527 1073 1582 qui
1104 1526 1307 1568 dicuntur
1337 1527 1594 1582 „panayas,“
1646 1541 1715 1568 oc-

262 1597 401 1641 cultae
431 1604 544 1649 sunt,
587 1599 638 1641 ab
668 1597 802 1641 Indra
831 1597 1029 1653 mittitur,
1067 1602 1115 1641 ut
1152 1611 1308 1640 vaccas
1347 1597 1444 1639 illas
1471 1596 1716 1653 investiget.

262 1670 454 1724 Samma,
485 1677 712 1726 postquam
744 1671 798 1712 ad
831 1672 935 1713 istos
968 1671 1201 1714 daemones
1230 1669 1442 1725 pervenit,
1478 1670 1530 1711 ab
1562 1668 1623 1710 eis
1650 1682 1715 1710 re-

259 1740 440 1796 tinetur3
485 1748 573 1783 tum
620 1741 763 1785 vaccis
808 1757 895 1785 non
942 1741 1130 1800 receptis
1174 1740 1290 1783 redit
1334 1740 1389 1783 ad
1417 1740 1596 1783 Indram
1641 1739 1714 1795 qui

260 1813 353 1870 ipse
382 1814 601 1870 profectus
630 1828 789 1868 arcem,
831 1815 875 1856 in
914 1829 996 1869 qua
1023 1829 1179 1856 vaccae
1212 1830 1236 1855 a
1265 1813 1543 1855 daemonibus
1572 1814 1714 1856 occul-

259 1890 327 1927 tae
357 1884 628 1939 tenebantur,
656 1885 823 1928 evertit.
890 1885 1048 1930 Utrum
1081 1885 1259 1929 Sarama
1287 1899 1335 1927 re
1363 1899 1468 1927 vera
1497 1885 1713 1928 Auroram

260 1961 570 2013 repraesentet,
611 1971 765 2011 necne,
801 1957 1011 1999 hocloco
1059 1956 1292 1999 diiudicare
1334 1957 1449 1999 nolo.
1523 1956 1616 1999 Iam
1648 1956 1716 1999 vir

259 2028 334 2072 ille
365 2028 637 2072 doctissimus
683 2035 726 2072 et
753 2044 776 2072 e
818 2028 1086 2087 singularum
1122 2029 1346 2073 literarum
1391 2028 1626 2072 mutatione
1670 2035 1713 2072 et

261 2116 285 2143 e
321 2107 483 2154 natura,
530 2115 639 2156 quae
684 2107 749 2143 est
791 2102 967 2145 vedicae
1009 2103 1130 2148 deae.
1169 2102 1385 2144 Helenam
1425 2101 1540 2158 apud
1575 2101 1714 2145 Grae-

261 2187 332 2216 cos
362 2171 536 2215 easdem
562 2172 680 2216 vices
707 2172 894 2230 gessisse
927 2172 1111 2229 colligit,
1156 2188 1260 2230 quas
1288 2172 1403 2230 apud
1430 2172 1565 2216 Indos
1591 2172 1715 2217 Sara—

260 2244 373 2285 mam
416 2243 659 2301 suscepisse
702 2249 889 2298 eonstat;
947 2259 1071 2300 quam
1119 2244 1377 2287 sententiam
1419 2244 1545 2287 certis
1587 2259 1714 2302 argu-

262 2315 416 2358 mentis
448 2330 535 2358 non
564 2315 727 2358 firmari
757 2315 859 2358 mihi
888 2331 1141 2373 persuasum
1169 2316 1323 2359 habeo.
1394 2316 1567 2360 Helena
1597 2317 1713 2359 enim

260 2402 348 2429 non
376 2387 554 2430 deorum
583 2388 759 2431 nuntiae
789 2403 982 2444 munere,
1012 2389 1128 2447 quod
1158 2389 1339 2433 Sarama
1367 2389 1545 2444 obtinet,
1570 2389 1714 2444 fungi-

261 2466 343 2517 tur,
389 2473 530 2515 neque
576 2460 690 2502 canis
722 2461 912 2519 speciem
941 2475 1044 2519 prae
1084 2476 1131 2505 se
1161 2462 1258 2504 fert.
1289 2465 1331 2503 Z
1354 2461 1436 2503 344
1464 2460 1592 2515 enim,
1638 2460 1712 2503 ubi

260 2532 430 2575 Helena
458 2547 505 2575 se
535 2533 671 2589 ipsam
699 2547 850 2575 canem
879 2534 1085 2587 nominat,
1125 2548 1204 2576 nos
1234 2548 1409 2576 movere
1436 2548 1525 2576 non
1554 2540 1710 2591 potest.

258 2606 492 2650 Praeterea
521 2611 663 2648 autem
687 2605 734 2649 in
762 2606 1020 2650 carminibus
1052 2606 1298 2650 Homericis
1329 2607 1502 2651 Helena
1544 2608 1709 2651 bellum

261 2676 457 2720 effecisse
492 2676 761 2731 describitur,
799 2677 985 2734 ideoque
1014 2678 1103 2722 luci
1130 2685 1195 2721 est
1234 2680 1534 2737 comparanda,
1581 2695 1707 2738 quam

259 2755 308 2791 ut
347 2756 587 2808 recuperet,
627 2749 760 2793 Indra
800 2750 1057 2795 daemonum
1093 2765 1238 2795 arcem
1280 2752 1448 2796 evertit.
1521 2753 1711 2797 Accedit
