1984 3332
907 172 961 214 75

211 306 410 352 asperum
436 295 482 339 in
510 292 600 351 ἅμα
628 299 674 338 et
697 309 805 349 ομο-
837 298 979 335 ortum
1006 305 1101 337 esse
1129 305 1154 335 e
1180 292 1306 335 litera
1332 306 1367 346 s,
1398 305 1541 348 quam,
1575 289 1661 332 for-

208 370 320 410 tasse
346 367 598 424 antiquioris
627 379 809 425 poeseos
849 380 975 409 usum
1015 364 1237 416 imitatam,
1281 363 1395 422 apud
1424 362 1662 406 Homerum

208 437 295 481 vim
326 442 446 482 suani
474 437 666 482 nondum
698 435 892 480 amisisse
929 436 1155 494 exempliS,
1199 450 1308 494 quae
1352 450 1484 494 supra
1525 432 1663 486 attuli,

210 504 407 548 efficitur.
465 505 619 562 Itaque
652 520 695 559 s,
732 518 817 559 quo
857 503 1117 545 instructum
1155 500 1266 558 ὃμός
1300 501 1545 545 invenimus
1582 500 1661 552 (cf.

207 576 433 620 Thiersch.
464 577 543 621 Gr.
573 576 770 621 Granum.
803 591 845 634 p.
864 574 964 631 227)
991 575 1123 619 fidem
1154 590 1241 619 non
1268 575 1411 629 habet,
1442 573 1542 631 quia
1564 570 1660 616 fieri

206 662 294 691 non
329 654 488 707 potest,
527 654 574 690 ut
607 646 775 704 spirans
802 646 969 690 labialis
1001 661 1025 689 e
1055 647 1216 689 dcntali
1260 647 1421 689 oriatur
1463 645 1519 688 cf.
1548 642 1661 686 Pott.

206 718 276 763 Et.
300 720 512 776 Forschg.
529 720 553 763 I
580 735 623 776 p.
638 718 731 763 827.
787 718 1163 762 Verisimillimum
1196 724 1274 772 est,
1319 731 1470 761 errore
1507 729 1661 759 vocem

207 795 397 833 nostram
426 790 690 845 digammate
720 789 974 848 praeditam,
1002 803 1112 832 esse.

338 862 497 907 Utrum
525 862 653 904 etiam
681 863 728 904 in
755 876 863 904 voce
894 855 1013 915 ι’ίὸος,
1042 875 1153 918 quae
1183 861 1226 904 in
1255 874 1431 915 caesura
1445 857 1664 901 trochaica

207 932 329 990 pedis
359 933 474 976 tertii
506 934 625 976 Α88
655 933 820 976 hiatum
850 933 986 976 efficit
1016 933 1073 976 cf.

463 1002 634 1060 τάμνων
664 1005 841 1061 δένδρεα
866 1001 1032 1061 μακρά,
1060 997 1168 1056 ἷίδος
1194 1004 1243 1047 τέ
1268 1021 1344 1059 μιν

205 1076 331 1120 litera
362 1076 537 1122 initialis
567 1094 587 1121 s
618 1078 813 1132 valuerit,
859 1091 1011 1133 necne,
1055 1091 1170 1120 nunc
1201 1076 1437 1120 videamus.
1489 1075 1660 1119 Bekke-

206 1164 279 1192 rus
307 1149 353 1191 in
381 1150 516 1193 altera
547 1150 783 1193 carminum
801 1149 1135 1193 Homericorum
1164 1149 1419 1192 recensione
1446 1148 1560 1191 hanc
1586 1163 1660 1190 vo-

205 1235 314 1276 cem,
344 1237 452 1280 quae
483 1228 648 1266 tantum
670 1223 755 1266 hoc
784 1223 882 1266 loco
899 1228 1033 1278 extat,
1049 1221 1268 1278 digammo
1285 1220 1506 1275 instruxit,
1526 1219 1660 1263 idem-

203 1306 286 1347 que
315 1293 420 1335 fecit
448 1294 494 1336 in
522 1293 747 1351 participio
777 1288 1001 1350 οἷδηκότες,
1037 1293 1153 1350 quod
1182 1293 1229 1335 in
1256 1292 1447 1335 formula
1475 1288 1659 1348 καμάτῷ

204 1358 416 1420 ἀδηκότες
449 1371 601 1421 quater
644 1364 690 1407 in
717 1364 859 1409 Iliade
902 1364 1067 1420 legitur
1111 1364 1164 1407 cf.
1192 1363 1319 1407 K98.
1335 1363 1431 1407 312.
1452 1363 1548 1406 399.
1562 1363 1661 1406 471.

204 1434 254 1478 Si
286 1435 340 1476 de
367 1434 538 1489 origine
567 1435 693 1477 huius
722 1434 843 1478 vocis
871 1435 1128 1489 quaerimus,
1155 1434 1371 1478 Christius
1399 1434 1428 1478 l.
1447 1448 1482 1477 c.
1516 1449 1558 1490 p.
1578 1433 1662 1477 264

203 1505 374 1549 literam
402 1506 641 1564 spirantem
679 1521 767 1549 non
813 1519 1070 1562 agnoscens,
1112 1505 1169 1548 ad
1204 1505 1392 1549 radicem
1431 1506 1520 1550 skr.
1556 1508 1660 1556 „av“

204 1577 290 1634 (gr.
318 1571 488 1634 ἷίμεναι)
523 1577 733 1635 confugit,
775 1593 801 1620 a
835 1592 919 1635 qua
945 1579 1168 1637 profectus
1209 1578 1372 1637 duplex
1407 1579 1433 1622 δ
1461 1579 1507 1621 in
1531 1571 1664 1635 ὄέδδην

204 1664 261 1692 ex
282 1643 416 1705 bisam
428 1657 568 1693 ortum
586 1664 680 1692 esse
705 1650 844 1694 docet.
882 1650 943 1696 Ut
962 1651 1127 1708 duplex
1148 1651 1175 1693 δ
1188 1651 1233 1694 in
1261 1645 1371 1702 ἅδος
1399 1651 1662 1704 restituatur,

202 1720 320 1765 Λ88
348 1721 500 1777 legere
529 1722 642 1764 vult:

310 1788 487 1847 τάμνων
517 1792 694 1848 δένδρεα
724 1794 851 1848 μακρ’
881 1786 1014 1844 ἅδδος
1042 1793 1089 1836 τέ
1114 1809 1189 1847 μιν
1217 1793 1337 1837 ἵκετο
1366 1789 1527 1847 θυμόν.

331 1863 421 1908 Sed
451 1878 551 1906 cum
581 1865 746 1907 formae
773 1858 925 1921 ὅδδην,
955 1852 1077 1922 fiam,
1104 1855 1213 1921 {idm
1239 1865 1285 1907 in
1306 1865 1478 1909 Graeca
1506 1864 1662 1921 lingua

200 1935 315 1978 inter
344 1949 390 1977 se
418 1941 651 1990 mutentur,
679 1950 768 1977 non
799 1942 877 1989 est,
910 1936 1026 1992 quod
1047 1929 1153 1987 ὄὶδος
1167 1935 1372 1992 ᾶυΡΙίοἰὸ
1387 1935 1660 1980 instruamus.

202 2007 256 2049 cf.
292 2006 412 2050 curt.
441 2022 484 2064 p.
500 2007 595 2049 572.
627 2006 803 2049 Curtius
833 2021 921 2049 una
950 2000 1051 2049 cum‘
1076 2007 1219 2050 Pottio
1250 2006 1417 2064 (Etym.
1447 2007 1484 2049 F
1487 2006 1661 2062 orschg.

201 2078 266 2132 II,
279 2078 381 2134 854)
420 2071 485 2120 ἶίω
518 2084 561 2121 et
588 2072 728 2135 ἆ’δδην
752 2078 807 2122 ad
835 2078 1016 2122 eandem
1043 2079 1225 2136 stirpem
1262 2079 1483 2136 pertinere
1524 2080 1659 2137 suspi-

174 2154 338 2204 catur,
376 2163 483 2207 quae
511 2150 589 2192 sub
622 2151 792 2206 „satis,“
823 2152 992 2206 „satur“
1033 2151 1139 2193 latet
1179 2152 1236 2194 cf.
1266 2166 1308 2209 p.
1324 2152 1408 2193 614
1448 2166 1490 2210 p,
1507 2152 1602 2195 347.
1634 2152 1661 2195 δ

200 2220 465 2277 duplicatum
509 2227 637 2276 atque
686 2222 1020 2277 productionem
1060 2222 1257 2277 syllabae
1287 2238 1315 2264 α
1347 2224 1393 2266 in
1421 2211 1531 2279 ἕδην
1574 2238 1598 2266 e
1625 2225 1660 2280 j,

202 2291 318 2346 quod
332 2291 359 2333 δ
374 2293 648 2348 sequebatur,
669 2299 811 2335 ortum
828 2307 922 2336 esse
938 2293 1054 2335 idem
1072 2294 1129 2335 V.
1141 2294 1198 2337 D.
1217 2294 1407 2337 ostendit
1429 2295 1483 2337 cf.
1501 2311 1544 2353 p.
1562 2295 1660 2349 572,

200 2377 296 2405 cum
314 2362 462 2418 djnon
490 2363 628 2407 solum
660 2365 704 2406 in
720 2364 745 2419 ζ
758 2363 836 2407 sed
863 2365 992 2408 etiam
1019 2365 1064 2407 in
1089 2365 1142 2408 δδ
1177 2367 1364 2409 transire
1395 2372 1555 2423 posset,
1585 2372 1660 2409 aut

200 2449 313 2489 cum,
328 2434 452 2477 litera
464 2436 482 2490 j
507 2436 676 2489 amissa,
692 2437 860 2491 syllaba
876 2437 1147 2480 antecedens
1177 2438 1503 2495 produceretur.
1533 2438 1660 2481 Hanc

201 2506 337 2548 solam
365 2520 460 2548 esse
487 2512 648 2549 rectam
688 2507 801 2550 viam
838 2508 865 2551 δ
905 2508 1093 2567 duplicis
1135 2509 1381 2566 explicandi
1421 2509 1525 2552 mihi
1560 2524 1656 2567 per·

201 2592 374 2621 suasum
405 2583 489 2632 est3
537 2584 665 2635 atque
707 2579 753 2622 in
782 2580 1081 2637 etymologica
1109 2581 1375 2624 darivatione
1405 2596 1554 2624 earum
1584 2596 1658 2624 vo·

200 2664 314 2705 cum,-
346 2665 451 2709 quas
483 2655 729 2705 tractamus,
746 2650 846 2696 ideo
863 2652 1004 2697 Curtii
1022 2658 1065 2695 et
1086 2652 1221 2696 Pottii
1236 2659 1383 2711 partes
1412 2653 1658 2711 suscipiam,

200 2720 301 2780 quia
328 2721 525 2782 spiritum
567 2737 769 2781 asperum
812 2724 856 2768 in
884 2721 991 2783 ἅδην
1016 2731 1139 2769 recte
1181 2725 1417 2783 explicant.
1488 2726 1582 2770 Iam
1619 2726 1658 2770 si
