1984 3332
947 200 1028 244 140

387 320 618 364 Postremo
662 321 832 364 dualem
879 337 1106 366 numerum
1154 323 1198 366 in
1242 323 1360 366 hiatu
1415 324 1601 381 positum
1647 324 1711 369 in-

255 391 477 436 venimus:

453 486 493 527 E
507 483 570 528 12.
600 480 661 527 τώ
691 500 763 528 ,τοι
790 478 1107 541 ὅποκρινθέντε
1140 484 1315 529 ἐναντίω

255 572 313 612 cf.
344 571 505 615 Hoffm.
525 573 547 614 I
576 587 617 629 p.
637 572 702 615 88.
762 573 886 615 Idem
923 574 971 616 fit
1009 574 1053 616 in
1081 575 1166 617 fine
1196 574 1320 631 pedis
1351 575 1491 631 quarti
1523 574 1707 630 (Hoffm.

260 641 277 683 Ι
308 658 349 700 p.
375 642 463 699 90).
759 669 763 672 ·

454 733 601 775 13218.
633 730 928 786 ovvoxaizots‘
960 730 1093 790 αὐτὰρ
1125 731 1335 790 ὕπερθε-ν.

388 825 500 869 Tum
527 826 612 869 huc
642 828 854 871 referrem
888 829 1231 886 productionem,
1264 842 1374 886 quae
1405 813 1603 871 extat'H
1611 826 1707 871 556.

255 894 442 953 Athens,
482 901 566 953 νῦν,
614 900 696 942 nisi
735 903 808 943 νῦν
843 917 868 943 a
911 901 1078 945 duobus
1114 901 1251 944 literis
1279 901 1365 957 (σν)
1408 899 1607 943 consonis
1648 899 1711 941 in·

256 969 479 1013 choavisse
498 970 859 1015 verisimillimum
889 979 1016 1017 esset.
1047 973 1151 1016 Alio
1182 973 1278 1016 loco
1309 973 1421 1015 hanc
1452 971 1588 1013 dualis
1612 984 1710 1027 pro-

257 1040 510 1084 ductionem
542 1043 798 1099 productam
829 1059 918 1087 non
949 1044 1049 1087 vidi.

390 1115 477 1167 „E“
497 1113 637 1156 dualis
657 1114 847 1157 firmiore
865 1122 1015 1158 natura
1032 1115 1275 1172 praeditum
1305 1115 1452 1166 fuisse,
1486 1114 1544 1156 ita
1558 1119 1605 1156 ut
1620 1113 1712 1155 hia-

257 1188 348 1225 tum
392 1184 510 1225 ferre
554 1191 714 1239 posset,
756 1185 989 1228 iam'inde
1038 1193 1230 1244 apparet,
1280 1185 1395 1243 quod
1438 1186 1519 1228 hoc
1553 1201 1574 1228 ε
1603 1200 1660 1227 ex
1688 1200 1713 1227 a

256 1254 469 1311 producto
500 1255 712 1312 originem
743 1255 868 1298 duxit
896 1258 949 1299 cf.
981 1255 1257 1299 Schleicher:
1290 1255 1528 1312 Compend.
1559 1270 1600 1312 p.
1615 1256 1710 1299 538.

257 1326 460 1380 Accedit,
500 1327 615 1381 quod
655 1327 700 1370 in
732 1328 885 1383 lingua
923 1329 1077 1371 vedica
1107 1329 1292 1371 eundem
1322 1343 1467 1371 casum
1497 1326 1635 1370 dualis
1665 1327 1711 1369 in

258 1399 283 1440 a
306 1404 539 1442 exeuntem
583 1399 843 1455 invenimus,
890 1400 1004 1457 quod
1035 1406 1184 1458 postea
1223 1400 1268 1442 in
1297 1399 1408 1454 „au“
1436 1399 1608 1442 transiit
1637 1398 1711 1454 (cf.

262 1469 401 1526 Bopp.
436 1470 539 1525 Vgl.
569 1471 647 1514 Gr.
674 1472 698 1512 I
729 1475 754 1524 ξ
773 1474 852 1514 208
883 1474 1062 1529 Ρ.413);
1104 1479 1233 1527 atque
1274 1473 1309 1514 si
1339 1471 1548 1514 rationem
1577 1471 1708 1514 habe-

258 1540 353 1584 mus'
381 1541 533 1599 lingua
563 1542 793 1598 Zendicae,
833 1543 905 1586 hic
944 1543 1028 1586 iam
1060 1545 1084 1585 a
1111 1543 1155 1586 in
1188 1557 1240 1586 eo
1273 1548 1376 1597 erat,
1417 1547 1463 1585 ut
1502 1540 1706 1600 paulatim

254 1614 300 1654 in
326 1629 351 1656 a
386 1615 517 1656 breve
546 1621 798 1656 mutaretur.
858 1616 925 1657 Ita
955 1617 1002 1658 fit
1030 1622 1078 1657 ut
1109 1616 1305 1670 lega-mus
1338 1622 1381 1657 et
1410 1614 1569 1671 „acpa“
1600 1613 1706 1669 (duo

256 1686 376 1742 equi)
409 1692 451 1728 et
478 1688 607 1742 yema
634 1686 860 1743 (gemelli).

366 1757 657 1812 Quamobrem
691 1774 779 1801 non
809 1760 963 1801 mirum
990 1759 1094 1801 mihi
1113 1773 1206 1802 esse
1233 1759 1416 1812 videtur,
1443 1757 1558 1813 quod
1589 1757 1706 1815 apud

255 1829 496 1872 Homerum
524 1830 806 1873 inveniuntur
838 1832 1052 1888 exempla,
1097 1831 1250 1886 quibus
1280 1830 1474 1885 linguam
1504 1830 1659 1872 literae
1687 1845 1708 1872 ε

255 1903 493 1958 antiquitus
523 1909 682 1945 tantam
714 1903 799 1945 vim
832 1910 874 1946 et
906 1903 1205 1947 auctoritatem
1225 1902 1424 1946 tribuisse
1451 1901 1707 1955 ostenditur,

254 1973 313 2016 ita
343 1980 389 2016 ut
420 1974 574 2028 hiatus,
606 1976 677 2030 qui
710 1975 929 2018 invenitur
955 1978 991 2017 E
1012 1975 1061 2016 12
1091 1981 1133 2017 et
1151 1974 1300 2028 13218,
1328 1974 1452 2017 nobis
1482 1973 1710 2016 offensioni

256 2061 351 2089 esse
396 2062 482 2088 non
525 2047 672 2104 possit.
742 2048 836 2090 Hoc
876 2049 972 2091 loco
1016 2063 1103 2091 non
1149 2047 1273 2090 nobis
1319 2044 1598 2102 neglegenda
1645 2050 1711 2087 est

256 2117 471 2173 antiquior
497 2118 636 2161 dualis
668 2119 807 2173 forma
835 2116 943 2174 δύω,
986 2134 1116 2176 quam
1147 2134 1232 2162 una
1262 2133 1359 2160 cum
1394 2113 1470 2160 δύο
1497 2116 1541 2158 in
1571 2115 1709 2160 Grae-

257 2203 405 2230 corum
435 2190 585 2245 lingua
615 2197 827 2232 servatam
854 2192 1081 2233 habemus.

389 2260 482 2301 Iam
515 2266 744 2316 postquam
776 2275 849 2303 eos
881 2262 999 2303 locos
1044 2260 1337 2311 tractavimus,
1388 2259 1461 2302 ubi
1502 2249 1643 2300 hiatus
1686 2271 1710 2300 e

258 2330 449 2373 firmiore
478 2336 628 2372 natura
656 2331 818 2373 vocalis
846 2347 865 2373 ε
896 2332 1050 2373 iustam
1081 2330 1345 2372 nanciscitur
1373 2329 1709 2383 excusationem,

258 2401 386 2444 etiam
430 2417 452 2444 e
496 2403 758 2445 carminibus
810 2403 1056 2445 Homericis
1106 2408 1224 2444 certa
1270 2407 1525 2456 argumenta
1568 2401 1710 2457 repeti

257 2488 386 2530 posse
416 2473 727 2529 intellegimus,
770 2474 926 2530 quibus
957 2490 976 2517 ε
1007 2480 1097 2516 tum
1128 2489 1226 2516 cum
1264 2473 1316 2516 in‘
1337 2474 1423 2516 fine
1463 2487 1619 2516 vocum
1648 2472 1710 2515 in-

256 2547 442 2600 venitur,
488 2553 618 2602 atque
665 2562 687 2587 ν
721 2546 1022 2603 ephelkystico
1066 2546 1207 2588 fulcro
1247 2546 1308 2588 uti
1347 2560 1435 2588 non
1464 2544 1609 2600 debet,
1653 2559 1708 2588 ex

256 2617 499 2673 antiquiore
530 2618 611 2672 „af‘
643 2618 856 2675 prodiisse
887 2618 1140 2661 ostenditur.

327 2721 329 2723 -
389 2689 516 2732 Nunc
548 2690 800 2746 quaestione
831 2696 975 2733 nostra
1006 2690 1059 2732 de
1088 2690 1204 2732 hiatu
1243 2689 1313 2742 ita,
1356 2696 1404 2731 ut
1447 2689 1570 2732 nobis
1613 2702 1708 2745 pro-

254 2776 554 2820 posueramus,
575 2761 629 2803 ad
657 2763 787 2804 finem
814 2762 1040 2819 perducta,
1058 2776 1114 2805 ex
1137 2762 1197 2805 eis
1218 2762 1444 2820 exemplis,
1461 2775 1568 2817 quae
1587 2760 1708 2803 Hoff-
