1984 3332
959 163 1014 229 63

259 309 401 364 gitur:
428 310 704 368 ἐπείργασται
733 309 782 355 δὲ
808 312 872 368 τῷ
896 313 1035 368 βωμῷ
1062 312 1199 354 τοῦτο
1229 310 1309 365 μὲν
1332 304 1499 366 ὅὲγὰλμα
1513 309 1709 367 Βίριδος;

260 383 337 425 sed
367 389 512 427 utrum
539 384 645 427 haec
677 384 758 428 dea
769 383 984 427 Laconica
1011 382 1165 426 eadem
1192 383 1263 438 sit,
1281 389 1409 441 atque
1420 374 1535 439 Ἰρις,
1556 398 1711 439 necne,

258 454 304 497 in
330 456 460 500 dubio
488 457 744 514 relinquam.
801 457 957 512 Itaque
986 472 1082 500 cum
1115 456 1197 499 hoc
1228 462 1531 512 argumentum
1562 455 1609 499 in
1637 471 1711 500 no·

258 534 345 571 stra
375 530 628 586 quaestione
659 545 749 572 non
778 529 960 571 multum
990 529 1135 571 valere
1161 528 1311 587 possit,
1352 528 1406 570 ad
1435 529 1608 585 linguas
1638 544 1711 571 co-

258 608 410 657 gnatas
440 602 740 658 confugiamus
770 616 948 644 necesse
975 607 1053 645 est.
1127 601 1271 658 Supra
1316 616 1467 644 vocem
1496 598 1619 657 “qu
1655 601 1711 644 ad

260 672 444 715 formam
465 673 766 716 sanskriticam
788 674 987 727 „svava,“
1007 688 1134 729 quam
1154 673 1206 715 ab
1238 673 1390 715 eadem
1422 672 1585 727 radice,
1602 687 1712 728 quae

257 743 376 787 inest
404 745 672 787 substantivo
705 747 853 799 „svar“
889 745 1113 798 (coelum),
1142 744 1357 799 originem
1394 743 1569 786 duxisse
1609 759 1710 786 con-

258 821 355 871 stat,
384 815 665 860 referendam
695 829 790 859 esse
820 815 1222 859 demonstravimus.
1251 816 1346 859 Iam
1374 823 1472 858 cum
1494 829 1573 874 pro
1591 822 1711 859 certo

258 888 506 943 habeamus,
538 889 717 931 brevem
747 888 945 931 vocalem
975 905 991 930 ι
1020 888 1067 929 in
1093 887 1246 943 lingua
1275 887 1451 931 Graeca
1479 894 1624 945 partes
1663 889 1712 930 li-

256 967 376 1004 terae
396 963 472 1015 „a“
490 961 711 1019 suscipere
740 975 869 1019 posse
898 960 950 1004 cf.
972 961 1094 1004 Curt.
1115 961 1143 1003 1.
1167 975 1203 1004 c.
1228 975 1270 1017 p.
1289 960 1384 1003 642.
1400 985 1453 991 —-
1467 960 1529 1002 sic
1558 959 1710 1015 fldtog,

255 1032 283 1075 i.
303 1047 342 1075 e.
370 1032 549 1085 σπίδιος,
580 1032 634 1075 ad
652 1032 830 1091 stirpem
849 1031 1117 1090 pronominis
1134 1031 1289 1074 tertiae
1314 1045 1526 1089 personae
1559 1034 1706 1086 „sva,“

260 1119 344 1160 qua
374 1104 596 1149 Graecum
619 1121 669 1148 fs
696 1105 724 1148 i.
755 1119 792 1148 e.
823 1120 900 1148 asts
930 1111 1073 1148 ortum
1102 1110 1180 1159 est,
1211 1103 1432 1161 pertinere
1471 1104 1603 1146 certis
1643 1118 1709 1146 ar-

257 1177 475 1231 gumentis
503 1176 699 1218 firmatur
729 1176 920 1220 cf.Curt.
946 1192 989 1233 p.
1004 1175 1086 1218 352
1118 1200 1173 1206 —-
1201 1175 1327 1217 nobis
1358 1174 1487 1217 etiam
1517 1180 1708 1217 statuere

257 1247 375 1303 licet,
413 1249 595 1305 longum
627 1250 703 1303 „a“
737 1247 854 1305 apud
884 1248 1077 1291 Graecos
1104 1247 1150 1288 in
1176 1263 1194 1289 ι
1220 1245 1478 1302 productum
1525 1247 1710 1289 transire

256 1320 462 1374 potuisse,
513 1320 768 1376 praesertim
811 1334 908 1361 cum
951 1319 1136 1373 syllaba,
1189 1332 1299 1373 quae
1340 1318 1551 1374 sequitur,
1599 1319 1712 1360 hanc

257 1391 539 1434 mutationem
571 1391 768 1435 effecisse
808 1390 1019 1446 videatur,
1061 1389 1178 1447 quod
1217 1389 1252 1433 si
1290 1390 1385 1433 fieri
1425 1395 1582 1446 potest,
1621 1403 1710 1432 non

259 1468 337 1514 est,
388 1463 504 1517 quod
541 1463 762 1516 miremur,
805 1463 1020 1517 syllabam
1067 1464 1183 1503 svar—
1214 1461 1277 1515 (in
1309 1463 1465 1513 svara),
1512 1475 1620 1515 quae
1663 1462 1710 1503 in

257 1531 431 1576 Graeca
471 1532 623 1588 lingua
665 1533 712 1575 in
750 1548 845 1589 5⁷29-
900 1531 1088 1584 transiit,
1132 1532 1268 1588 longo
1311 1547 1339 1573 α
1382 1530 1428 1574 in
1469 1547 1486 1574 ι
1528 1537 1708 1584 mutato,

256 1604 384 1645 etiam
416 1605 528 1646 hanc
553 1605 745 1660 speeiem
785 1605 995 1661 praebere
1031 1603 1244 1661 potuisse:
1294 1607 1382 1658 529.
1415 1627 1464 1632 —
1498 1602 1560 1647 Ut
1603 1603 1711 1645 mihi

254 1675 441 1730 videtur,
470 1675 633 1719 vocalis
663 1677 689 1717 a
718 1675 798 1719 hac
825 1676 871 1718 in
898 1689 1005 1718 voce
1031 1674 1130 1718 ideo
1160 1675 1207 1717 in
1234 1677 1253 1716 ἲ
1282 1680 1445 1716 mutata
1477 1680 1552 1729 est,
1593 1674 1709 1731 quod

256 1747 392 1788 altera
420 1747 599 1801 syllaba,
626 1761 735 1803 quae
765 1753 831 1788 est
859 1762 911 1799 ις,
944 1747 1140 1788 vocalem
1165 1746 1496 1788 antecedentem
1524 1746 1607 1787 sibi
1642 1761 1709 1787 ac-

257 1817 533 1860 commodare
560 1817 710 1859 voluit,
786 1817 849 1860 Ut
885 1823 1030 1859 autem
1074 1817 1120 1858 in
1164 1817 1351 1859 maxima
1394 1824 1519 1874 parte
1559 1832 1708 1860 earum

256 1901 423 1942 vocum,
439 1902 547 1943 quae
569 1889 592 1930 ἴ
612 1903 636 1931 e
652 1888 680 1930 ἄ
696 1894 838 1931 ortum
853 1889 1079 1945 praebent,
1110 1888 1289 1932 eaedem
1317 1887 1486 1931 radices
1513 1889 1707 1931 vocalem

257 1974 278 2001 ε
308 1974 489 2003 munere
518 1960 671 2003 literae
700 1976 728 2002 α
772 1961 968 2003 functam
1008 1960 1228 2015 exhibent,
1270 1961 1322 2004 cf.
1362 1956 1464 2004 ἴσθι
1493 1984 1548 1991 -—
1579 1957 1708 2014 ἔστω,

254 2032 405 2086 ἵζω-
428 2030 527 2083 ἕδος
543 2039 639 2086 etc„
672 2033 731 2075 ita
765 2033 894 2075 etiam
923 2033 1098 2075 vocales
1128 2032 1281 2074 literae
1307 2049 1332 2088 η
1363 2038 1405 2075 et
1432 2036 1451 2075 ἓ
1481 2033 1526 2075 in
1556 2033 1708 2076 eadem

255 2118 364 2147 voco
391 2104 542 2147 literae
564 2106 590 2146 a.
618 2104 867 2148 substitutas
893 2104 1139 2147 invenimus
1168 2104 1221 2147 cf.
1296 2098 1307 2101 ⁴

715 2169 894 2219 σκέπων
922 2202 972 2209 —-
1005 2172 1188 2232 σκήπων

256 2248 308 2292 cf.
341 2247 461 2292 Curt.
492 2263 532 2306 p.
550 2248 643 2292 152.
673 2248 723 2291 L.
755 2249 933 2304 Meyer:
965 2248 1071 2303 Vgl.
1104 2248 1220 2292 Οτι-,Ι
1248 2265 1289 2306 p.
1309 2249 1401 2293 140.

706 2312 808 2375 Ἰρις
835 2317 1041 2376 -”Ὴρη.

349 2430 353 2435 .
386 2392 441 2434 In
469 2390 549 2434 hac
571 2397 713 2433 autem
743 2390 1037 2447 etymologica
1065 2390 1336 2434 derivatione
1367 2390 1492 2435 nobis
1522 2406 1610 2436 non
1640 2393 1709 2436 of-

253 2461 438 2505 fensioni
469 2476 564 2505 esse
594 2467 736 2521 potest
765 2462 939 2521 spiritus
968 2462 1099 2517 lenis,
1127 2476 1212 2520 quo
1241 2476 1401 2505 nomen
1415 2454 1516 2519 Ἶρις
1544 2463 1709 2505 instru-

256 2544 374 2579 ctum
416 2538 627 2580 videmus.
702 2537 914 2593 Spiritum
962 2538 1107 2580 lenem
1152 2539 1282 2580 etiam
1326 2538 1444 2580 vices
1481 2538 1709 2581 literarum

254 2607 480 2650 initialium
512 2608 613 2661 „sv“
646 2621 803 2663 gerere
832 2623 977 2666 posse,
1019 2609 1150 2652 certis
1190 2609 1457 2665 argumentis
1500 2609 1708 2653 firmatur.

254 2679 331 2723 Sic
344 2670 673 2737 ἷίσμενος,ἦδος,
692 2696 795 2737 quas
811 2678 940 2724 voees
966 2682 1088 2724 iuxta.
1115 2678 1277 2738 ἥδομαι
1304 2688 1433 2737 atque
1464 2678 1631 2724 ἁνδάνω
1647 2683 1710 2725 in-

252 2752 461 2808 venimus,
481 2752 535 2796 ad
555 2752 748 2797 radicem
767 2753 1070 2798 sanskriticam
1091 2754 1249 2811 „svad“
1268 2754 1502 2813 pertinent,
1517 2754 1708 2812 itemque
