1984 3332
988 162 1069 205 128

428 286 468 327 Ε
491 282 589 326 343.
617 279 800 337 ἰάχουσα
824 276 930 325 ἀπό.

489 356 586 399 424.
615 355 877 413 καῤῥέζουσα
903 350 1172 408 Ἀχαιάδων.

431 430 470 470 Σ
494 426 562 471 48.
618 421 837 483 Ὠρείθνια
863 422 1149 483 ἐϋπλόκαμος.

433 504 475 541 Φ
497 500 589 542 142.
619 499 835 554 Περίβοια
854 495 1213 554 ’Λκεσσαμένοια

489 572 586 615 421.
615 567 826 626 κυνάμυια
854 565 964 632 ᾄγει.

298 644 494 688 Eandem
526 644 877 688 terminationem
907 644 1161 703 productam
1190 643 1279 686 vidi
1310 648 1409 686 ante
1436 643 1587 701 μέγαςε

429 732 455 758 τ
482 716 549 759 92.
609 714 798 771 ἔρδουσᾶ
831 715 939 772 μέγα
966 716 1131 772 Ὲέγρον.

429 805 464 831 ω
486 789 577 832 197.
606 780 704 831 εὖθ’
733 784 760 846 ἦ
789 789 931 846 φᾶρος
964 786 1137 843 ἔδειξεν,
1174 785 1376 847 ὖφήνασᾱ
1404 787 1536 845 μέγαν
1562 785 1696 833 ἱστόν.

429 859 479 903 Si
510 865 756 916 spectamus
786 859 842 901 ad
860 860 1020 902 formas
1037 860 1267 902 femininas
1282 856 1463 913 ἰάχουσα
1480 860 1755 918 καῤῥέζουσα,

297 946 407 989 quae
439 945 497 974 ex
523 928 731 984 ἶαχοντια,
774 932 1061 987 παρῥεζοντια
1100 937 1219 974 ortae
1258 938 1371 988 sunt,
1412 932 1458 974 in
1496 932 1754 976 sanskritiea

294 1003 448 1058 lingua
478 1003 611 1059 longa
636 1003 801 1045 vocalis
833 1005 852 1044 i
880 1003 1000 1045 vices
1031 1004 1230 1047 Graecae
1259 1004 1576 1047 ‚terminationis
1604 1020 1650 1047 ια
1676 1019 1754 1060 ge-

298 1077 369 1120 rit.
426 1076 525 1119 Hoc
555 1076 629 1130 „i“
659 1081 805 1117 autem
845 1088 901 1117 ex
943 1074 1186 1131 antiquiore
1216 1075 1331 1132 „yffl‘
1366 1075 1439 1130 (ἰᾶ)
1480 1082 1621 1119 ortum
1660 1090 1755 1119 esse

296 1146 633 1191 existimandum
664 1152 730 1188 est
759 1147 815 1190 cf.
845 1146 1126 1191 Schleicher:
1156 1147 1383 1205 Compend
1410 1163 1450 1205 p.
1468 1148 1564 1190 526.
1603 1148 1754 1204 Itaque

301 1219 472 1277 Boppio
505 1218 630 1275 (Vgl.
667 1218 748 1263 Gr·
770 1219 792 1261 I
831 1219 855 1271 ξ
879 1218 958 1272 119
985 1234 1029 1276 p.
1047 1218 1149 1273 249)
1193 1219 1393 1262 assentiri
1431 1234 1519 1263 non
1543 1234 1754 1276 possum,

299 1291 549 1348 qui-vocali
578 1306 606 1333 α
632 1289 975 1333 additamentum
1006 1289 1223 1333 contineri
1253 1290 1373 1346 dicit,
1404 1291 1536 1347 quod,
1564 1291 1599 1333 si
1627 1291 1753 1347 leges

295 1364 351 1407 ad
379 1379 534 1407 vocum
572 1363 877 1406 formationem
913 1368 1159 1421 spectantes
1196 1363 1432 1419 sequimur,
1472 1378 1559 1414 non
1593 1363 1752 1407 iustum

294 1436 438 1479 locum
471 1434 677 1489 obtineat,
706 1434 854 1490 (dicitt
883 1434 1258 1492 „unorqanischer
1278 1434 1497 1490 Zusatz“).
1529 1435 1622 1478 Iam
1652 1450 1750 1478 cum

295 1522 445 1551 omnes
464 1522 596 1550 voces
615 1506 814 1550 feminini
830 1507 1007 1563 generis
1027 1507 1262 1549 voealema
1290 1507 1334 1549 in
1360 1507 1550 1551 flexione
1581 1522 1751 1550 mascu-

294 1578 384 1620 lino
422 1591 587 1634 genere
630 1577 854 1620 fortiorem
883 1577 1136 1634 praebuisse
1165 1583 1333 1620 constet
1363 1578 1436 1632 (cf.
1464 1578 1750 1621 Schleicher:

295 1648 538 1708 Compend.
570 1663 613 1705 p.
631 1648 747 1703 518),
779 1662 867 1690 non
898 1653 974 1700 est,
1010 1647 1123 1704 quod
1145 1648 1367 1703 miremur,
1385 1648 1581 1691 vocalem
1598 1664 1626 1691 α
1645 1655 1747 1703 tum,

294 1736 392 1764 cum
426 1720 737 1763 nominativum
766 1719 984 1774 describit,
1002 1719 1310 1776 antiquissimis
1333 1720 1603 1777 temporibus
1620 1720 1749 1764 etiam

293 1794 339 1837 in
368 1794 431 1837 eis
464 1793 643 1837 vocibus
673 1792 1004 1851 productionem
1035 1807 1245 1848 servasse,
1287 1807 1397 1850 quae
1437 1799 1588 1852 postea
1627 1792 1751 1837 nobis

293 1866 486 1910 offerunt
512 1881 540 1908 α
570 1865 717 1908 breve.
758 1865 960 1919 Accedit,
1008 1865 1124 1921 quod
1156 1865 1364 1909 dialectus
1395 1866 1561 1909 Dorica
1589 1866 1633 1909 in
1662 1882 1753 1909 ma-

292 1954 380 1994 gna
408 1953 562 1981 vocum
607 1944 729 1995 parte
759 1937 842 1980 hoc
872 1953 901 1979 α
924 1944 1023 1994 post
1057 1939 1230 1981 vocales
1274 1945 1404 1995 atque
1437 1955 1461 1992 ρ
1492 1939 1750 1996 productum

293 2010 494 2062 servavit,
528 2008 644 2065 quod
673 2009 821 2052 Ionica
851 2008 1001 2065 lingua
1033 2009 1284 2067 saepissime
1314 2009 1359 2052 in
1387 2026 1413 2066 η
1441 2010 1643 2052 turbavit.
1690 2008 1751 2053 Ut

293 2088 435 2125 autem
469 2083 602 2124 breve
634 2081 742 2123 illud
764 2097 806 2136 a,
822 2081 937 2137 quod
958 2085 1170 2139 praebent
1194 2081 1429 2140 praecipue
1458 2081 1533 2124 illa
1561 2081 1751 2135 nomina,

294 2170 403 2211 quae
435 2154 641 2197 desinunt
670 2155 715 2196 in
745 2154 813 2210 λα,
842 2170 909 2209 σα,
940 2171 1023 2209 υια,
1052 2170 1139 2210 αια,
1166 2170 1246 2207 εια,
1275 2170 1346 2198 οια
1370 2154 1427 2197 cf.
1461 2153 1642 2209 Kriiger
1668 2153 1748 2199 Gr.
1804 2203 1807 2204 ⁷

293 2227 339 2270 ΙΙ
367 2241 409 2284 p.
425 2227 493 2268 34.
527 2240 581 2268 ex
614 2242 638 2268 a
669 2226 881 2284 producto
911 2227 1125 2285 prodiisse
1165 2233 1415 2282 statuamus,
1457 2241 1535 2269 nos
1576 2232 1752 2268 movent

295 2299 381 2342 duo
412 2304 682 2354 argumenta.
713 2298 909 2341 Primum
940 2299 1056 2342 enim
1086 2299 1262 2342 easdem
1283 2312 1411 2341 voces
1432 2298 1518 2353 inv]
1539 2303 1751 2340 exeuntes

293 2371 538 2413 invenimus
570 2370 624 2412 ef.

492 2435 678 2485 εῗῖπλοια
707 2466 755 2474 -
789 2437 992 2499 elini-(itm
1021 2441 1174 2486 κνίσσᾶ
1205 2467 1253 2473 -
1282 2441 1445 2498 κνίσση.

426 2514 524 2568 Qua
555 2529 612 2557 ex
641 2529 689 2556 re
719 2515 930 2570 colligere
964 2515 1187 2569 debemus,
1218 2514 1249 2558 ἅ
1278 2529 1334 2558 ex
1364 2516 1389 2556 a
1427 2513 1642 2570 originem
1672 2513 1748 2557 du-

291 2588 425 2642 xisse,
456 2603 555 2631 cum
586 2604 612 2644 η
643 2586 769 2630 huius
797 2587 960 2629 vocalis
990 2601 1171 2630 munere
1202 2588 1423 2643 fungatur.
1449 2585 1567 2629 Illud
1584 2586 1746 2638 omitto,

291 2661 408 2718 quod
436 2661 611 2703 nomina
654 2660 699 2702 in
739 2675 807 2702 εια
851 2659 1091 2701 desinentia
1119 2675 1148 2700 α
1177 2658 1392 2701 interdum
1440 2659 1555 2716 apud
1596 2665 1747 2717 poetas

289 2734 461 2777 Atticos
486 2733 745 2790 productum
777 2731 1027 2790 praebuisse
1057 2736 1227 2774 constat
1256 2732 1311 2774 cf.
1329 2730 1509 2788 Kriiger
1527 2732 1555 2775 1.
1572 2746 1608 2775 c.
1622 2746 1663 2788 p.
1676 2730 1745 2776 35.

1968 1422 1972 1428 ”
1971 1260 1984 1395 „nan-.-
1963 1013 1984 1193 (Qff
1966 817 1984 868 ‚Ns-⁴.
