1984 3332
943 129 1022 172 119

257 254 374 310 quod
402 270 481 298 nos
513 255 567 298 ad
599 256 727 298 aliam
768 254 1106 313 explicationem
1134 253 1279 297 hiatus
1311 251 1493 295 incitare
1522 249 1711 303 videtur,

256 325 379 369 brevi
406 341 544 383 agam.
620 326 789 370 Pottius
830 325 944 369 enim
992 325 1061 368 Et.
1092 324 1375 379 Forschg.II
1415 338 1457 380 p.
1474 322 1554 364 367
1599 321 1708 363 haec

255 396 447 442 disserit:
496 397 624 451 „Was
653 399 740 440 soll
765 413 863 440 man
894 397 999 440 aber
1032 396 1228 440 vollends
1261 396 1372 438 daza
1403 410 1550 452 saqern,
1587 409 1710 436 wenn

253 470 299 511 in
331 472 399 511 ein
412 469 533 511 Paar
548 469 741 511 Wb'rtern
770 471 847 511 mit
874 486 901 511 α
930 469 1083 525 privat.
1116 470 1311 511 Zetzteres
1341 468 1590 524 diqammirt
1616 467 1709 507 sein

253 540 353 595 soll,
383 540 460 583 das
494 540 603 583 doch
636 548 832 598 vermo-qe
861 543 997 584 seines
1014 541 1256 583 Aussekens
1282 540 1347 582 als
1373 556 1410 594 a,
1428 554 1484 581 an
1515 539 1572 580 im
1598 536 1709 580 San·

252 612 365 654 skrz‘t
385 628 522 669 qeqen
543 614 630 654 alle.
652 613 1097 655 Walzrscheinliclzkeit
1118 613 1318 655 strez'tet?
1349 612 1424 655 Ad
1445 612 1558 655 hanc
1580 625 1709 665 argu·

253 684 560 726 mentationem
593 684 667 726 ille
702 684 767 727 vir
795 683 1067 726 doctissimus
1097 684 1310 726 adductus
1353 690 1418 726 est
1446 683 1590 738 glossa
1617 682 1708 725 He-

253 755 408 812 sychii‚
426 756 499 812 qui
519 752 747 812 γάμμοροι,
776 751 993 811 ἅμέτοχοι,
1023 755 1296 812 ἐστερημένοι
1313 755 1461 808 tradit3
1490 751 1709 810 γάμμοροι

255 832 397 869 autem
420 827 529 869 nihil
554 827 670 869 aliud
688 842 783 869 esse
796 833 952 885 potest,
968 843 1017 870 ac
1033 823 1252 882 πόμμοροι
1275 828 1302 870 i.
1320 841 1356 869 c.
1371 820 1568 881 ἄμμοροι
1588 819 1707 881 (ἶίνευ

252 895 410 953 μόιρας
428 895 622 956 (κλήρου)
645 892 784 954 ὄντες)
805 899 860 942 cf.
877 898 1101 942 Thiersch.
1120 897 1200 943 Gr.
1233 898 1309 943 Gr.
1342 914 1382 956 p.
1405 897 1498 941 187.
1514 897 1554 940 9.
1583 896 1708 940 Idem

253 969 502 1025 Hesychius
535 971 661 1013 etiam
692 972 897 1026 γαπελεῖν
931 986 1011 1028 pro
1041 965 1216 1025 ἆμελεῖν
1245 971 1343 1025 (i.e.
1363 970 1585 1025 fafflsislv)
1612 983 1711 1026 pro-

252 1042 495 1085 nuntiatum
524 1058 615 1085 esse
646 1049 840 1087 testatur.
895 1042 1011 1097 Quid
1052 1042 1108 1085 de
1150 1042 1216 1086 his
1257 1042 1407 1086 formis
1446 1041 1571 1084 nobis
1599 1040 1708 1084 iudi·

256 1111 439 1154 candum
470 1113 565 1156 est?
595 1111 643 1156 Si
674 1127 760 1154 non
789 1118 889 1154 sunt
915 1126 1046 1170 prave
1075 1111 1271 1165 traditae,
1286 1111 1397 1153 illud
1428 1113 1535 1165 „va“
1563 1117 1707 1152 tamen

254 1198 341 1226 non
352 1183 469 1227 idem
485 1185 612 1240 valet,
633 1184 746 1242 quod
764 1200 792 1226 α
808 1184 1083 1241 privativum,
1098 1183 1152 1226 de
1175 1199 1258 1241 quo
1274 1183 1478 1241 inspicias
1493 1183 1652 1227 Pott.1.
1671 1197 1706 1226 c.

251 1255 286 1309 Ι,
301 1256 383 1298 382
412 1262 453 1298 et
481 1257 619 1314 Bopp.
649 1257 752 1311 Vgl.
770 1257 943 1301 Gr.111
974 1258 999 1309 ξ
1021 1257 1099 1299 371
1131 1272 1173 1314 p.
1192 1256 1285 1311 180,
1319 1255 1398 1299 sed
1439 1262 1581 1299 ortum
1613 1270 1708 1298 esse

253 1327 356 1370 mihi
373 1327 545 1371 videtur
562 1342 585 1371 e
600 1328 922 1387 praepositione
944 1328 1205 1371 sanskritica
1221 1330 1366 1382 „ava,“
1385 1327 1440 1370 de
1470 1342 1553 1383 qua
1582 1327 1706 1369 muti-

251 1400 340 1443 lata
368 1399 413 1442 in
444 1401 546 1454 „va“
582 1402 778 1443 conferas
809 1414 872 1454 ea,
904 1414 1013 1456 quae
1042 1401 1212 1444 Pottius
1240 1401 1262 1443 Ι
1292 1417 1333 1459 p.
1348 1401 1428 1443 597
1460 1400 1707 1458 disputavit.

252 1473 331 1515 Est
361 1473 476 1514 idem
496 1474 641 1528 „ava“,
671 1486 694 1514 e
712 1487 795 1528 quo
823 1472 1082 1530 particulam
1107 1472 1355 1529 negativam
1386 1466 1464 1515 οὐκ
1492 1470 1708 1527 originem

252 1545 427 1588 duxisse
457 1544 818 1588 verisimillimum
848 1550 913 1588 cst
941 1544 1015 1600 (cf.
1048 1543 1200 1587 Pott.I
1228 1560 1270 1603 p.
1286 1544 1401 1601 405).
1454 1543 1534 1590 Sin
1561 1549 1707 1587 autem

252 1618 465 1662 Christius
493 1618 522 1661 1.
539 1633 577 1661 c.
602 1633 643 1674 p.
661 1618 743 1660 264
771 1619 853 1660 hoc
886 1620 991 1671 „va“
1022 1618 1139 1660 idern
1168 1633 1263 1661 esse
1292 1620 1444 1672 firmat,
1476 1619 1595 1675 quod
1623 1617 1700 1661 La-

250 1691 389 1733 tinum
418 1691 523 1745 „vc“
541 1692 587 1733 in
621 1699 814 1747 „vecors,
842 1693 1068 1747 vesanus,“
1104 1690 1306 1748 equidem
1339 1691 1430 1734 eius
1461 1690 1704 1735 sententiae

252 1762 448 1806 assentiri
477 1776 564 1804 non
594 1777 783 1820 possum,
823 1762 922 1820 quia
949 1763 1209 1820 productum
1241 1765 1319 1817 „0⁸
1350 1763 1429 1805 hac
1458 1763 1706 1820 explicandi

251 1835 416 1876 ratione
446 1850 534 1876 non
565 1841 810 1877 excusatur.
878 1834 1061 1878 Etiamsi
1089 1836 1198 1877 nihil
1226 1835 1333 1879 certi
1362 1835 1416 1878 dc
1446 1836 1525 1879 hac
1554 1836 1709 1879 Latina

251 1906 419 1964 syllaba
448 1906 558 1962 ,‚ve“
588 1906 745 1950 afferre
775 1922 965 1965 possum,
996 1906 1071 1949 illa
1086 1907 1170 1963 via,
1188 1922 1315 1964 quam
1331 1906 1540 1951 PottiusI
1569 1923 1611 1966 p.
1628 1908 1710 1950 720

251 1979 475 2035 ingressus
505 1985 581 2031 est,
612 1979 665 2021 ad
710 1993 805 2022 cam
847 1980 1162 2037 explicandam,
1207 1980 1362 2023 melius
1399 1981 1562 2024 munita
1602 1980 1708 2023 mihi

252 2066 347 2094 esse
377 2051 562 2103 videtur,
591 2065 716 2107 quam
749 2049 927 2094 Christii
957 2056 1151 2105 conatus,
1182 2066 1268 2107 quo
1295 2052 1442 2095 literas
1469 2053 1579 2107 ,‚ve“
1612 2058 1709 2108 ety-

252 2123 467 2180 mologiee
496 2123 714 2171 illustrare
746 2123 851 2166 vult.
913 2124 1206 2178 Quamobrem
1247 2124 1377 2166 Pottii
1417 2124 1708 2167 dubitationes

253 2196 307 2238 dc
338 2196 508 2253 origine
535 2212 563 2238 α
596 2197 642 2238 in
670 2191 842 2238 oifsme'a
871 2211 950 2238 nos
977 2210 1153 2239 movere
1182 2211 1271 2239 non
1298 2202 1490 2254 possunt,
1510 2212 1609 2241 cum
1625 2196 1708 2240 hoc

251 2283 279 2309 α
308 2262 336 2310 ἆ
365 2268 626 2326 privativum
653 2268 722 2321 sit,
765 2267 952 2325 ideoque
990 2282 1076 2310 non
1115 2267 1267 2310 cadem
1296 2266 1463 2310 ratione
1494 2269 1706 2326 explicari

253 2339 400 2397 possit,
432 2355 515 2395 qua
542 2340 653 2382 illud
682 2356 739 2382 J-oc
769 2340 813 2382 in
843 2338 1076 2396 so'eppcoqot.
1130 2341 1187 2382 At
1218 2339 1314 2396 quis
1344 2340 1458 2397 piam
1495 2341 1622 2396 dicat,
1652 2355 1708 2383 ex

252 2412 327 2454 illo
364 2411 474 2466 ,‚va“
500 2427 528 2453 α
557 2411 816 2469 privativum
854 2412 1070 2469 originem
1111 2410 1300 2465 duxisse,
1344 2427 1443 2454 cum
1489 2412 1709 2468 digamma

254 2484 413 2527 sensim
444 2485 688 2542 sensimque
720 2500 744 2528 e
782 2485 932 2541 lingua
980 2491 1284 2537 evanesceret3
1333 2485 1447 2541 quod
1486 2500 1574 2529 non
1613 2485 1709 2529 fieri

252 2563 409 2614 potest,
438 2571 533 2599 cum
562 2551 618 2599 οἷν
648 2557 834 2599 formam
863 2556 1124 2614 primitivam
1150 2556 1268 2601 illius
1296 2573 1324 2599 α
1352 2557 1555 2614 privativi
1573 2558 1706 2601 fuisse

253 2628 360 2672 mihi
387 2643 641 2687 persuasum
672 2628 727 2671 sit
756 2628 811 2672 cf.
841 2630 954 2673 Pott.
984 2629 1019 2683 I,
1046 2629 1140 2672 382.
1218 2629 1372 2685 Itaque
1412 2629 1573 2687 Boppii
1614 2644 1708 2672 sen-

254 2701 428 2756 tentiam
460 2702 645 2758 probare
682 2716 770 2745 non
815 2716 1004 2758 possum,
1047 2716 1157 2758 quae
1196 2717 1247 2746 eo
1291 2701 1553 2757 continetur,
1591 2702 1708 2759 quod
