1984 3332
957 168 984 208 9

250 291 466 349 primitiva
496 298 611 336 esset
632 291 971 348 „Saveturnus.“
1004 288 1064 334 Ut
1091 294 1235 331 autem
1268 289 1464 344 „cloaca“
1496 287 1701 331 scribitur

251 377 330 420 pro
356 363 600 421 antiquiore
630 363 772 405 forma
819 361 1046 416 „clovaca“
1091 358 1327 413 (Corssenz
1376 359 1488 405 Ueb.
1518 359 1701 415 Ausspr.

251 434 484 478 Vocalism.
511 440 593 477 etc.
612 434 634 476 I
662 449 705 491 p.
728 433 841 488 175),
871 432 931 474 ita
946 432 1239 485 „Saeturnus“
1268 446 1349 489 pro
1379 430 1700 485 „Saveturnus“

251 505 457 563 scriptum
486 505 709 547 habemus.
781 503 974 546 Literam
1003 509 1146 545 autem
1174 519 1203 544 v
1231 502 1447 546 excidisse
1476 500 1700 559 perlucide

249 583 429 636 apparet
458 592 482 620 e
511 578 652 620 forma
694 576 901 621 Umbrica
931 575 1120 631 „savitu“
1158 572 1294 631 ὑετὸς,
1339 589 1463 632 quae,
1505 590 1602 618 cum
1645 573 1702 617 ad

250 649 431 693 eandem
458 649 637 708 stirpem
667 649 898 707 pertineat,
944 663 1054 707 quae
1091 649 1197 691 latet
1225 651 1303 692 sub
1335 650 1504 692 Graeco
1551 645 1697 703 „fiast

251 728 294 764 et
310 721 568 763 sanskritico
582 724 683 774 „su“
697 721 920 776 (sunomi),
930 721 1015 763 duo
1031 722 1164 763 verba
1185 721 1398 774 „savamss
1412 727 1455 763 et
1473 719 1698 774 „sunomi“

247 793 399 835 intima
424 793 632 836 affinitate
664 793 892 836 coniuncta
923 807 1017 835 esse
1047 793 1327 836 demonstrat.
1379 793 1454 848 „e“
1485 792 1529 834 in
1561 791 1700 847 „Sae-

249 867 426 907 turnus“
446 864 701 907 sanskritico
717 864 784 919 „i“
800 864 845 906 in
863 865 1071 915 „savitar“
1088 864 1336 921 respondet,
1361 878 1543 919 quarum
1571 876 1701 905 voca-

249 936 353 979 lium
386 943 537 979 natura
566 951 618 978 eo
649 936 908 990 continetur,
932 937 1047 992 quod
1066 936 1416 979 terminationem
1438 951 1536 979 cum
1565 935 1700 993 stirpe

251 1009 391 1065 „saV.“
419 1009 704 1065 coniungunt..
737 1008 784 1054 Si
812 1008 1076 1065 quaerimus,
1105 1009 1223 1052 unde
1256 1014 1350 1051 orta
1376 1008 1431 1051 sit
1457 1007 1700 1051 terminatio

250 1083 469 1136 „turnus,“
523 1080 647 1123 nobis
693 1080 970 1123 statuendum
1013 1087 1100 1134 est,
1146 1082 1351 1133 „turnus“
1395 1080 1700 1138 amplificatam

248 1153 462 1208 praebere
504 1153 701 1206 formam,
745 1165 853 1206 quae
900 1166 924 1193 e
970 1152 1102 1193 latino
1145 1152 1263 1205 „tor“
1309 1151 1335 1195 i.
1368 1166 1406 1193 e.
1445 1153 1533 1194 skr.
1580 1153 1698 1205 „tar“

250 1223 404 1267 eodem
432 1223 560 1266 modo
589 1223 806 1280 originem
835 1222 975 1278 duxit,
1013 1238 1096 1280 quo
1129 1223 1415 1276 „taciturnus“
1448 1239 1471 1265 e
1502 1224 1695 1266 substan-

249 1297 351 1349 tivo,
405 1296 521 1352 quod
550 1302 784 1337 statuamus
829 1310 1007 1337 necesse
1050 1302 1115 1337 est
1159 1296 1378 1349 „tacitor“,
1410 1296 1698 1338 derivandum

250 1382 346 1412 esse
378 1367 689 1412 demonstravit
720 1367 990 1413 Schwcizer:
1021 1367 1077 1411 K.
1104 1368 1273 1411 Ztschr.
1292 1369 1379 1411 ΙΙΙ.
1409 1382 1451 1425 p.
1467 1367 1562 1411 385.
1609 1368 1701 1411 Iam

249 1444 347 1483 cu'm
377 1456 455 1498 pro
486 1445 605 1483 certo
639 1441 888 1494 habeamus,
905 1441 1140 1485 Saturnum
1171 1441 1305 1483 fuisse
1331 1441 1418 1481 vim
1448 1448 1627 1483 naturae
1656 1442 1702 1483 in

249 1512 530 1569 procreandis
562 1511 721 1569 plantis
754 1511 1027 1555 manifestam
1054 1512 1125 1565 (ef.
1156 1512 1416 1566 Schwegler
1443 1512 1470 1555 l.
1489 1528 1526 1556 c.
1545 1528 1587 1569 p.
1602 1513 1699 1556 224.

248 1585 381 1629 Anm.
400 1584 461 1639 7),
492 1584 608 1641 quod
637 1598 797 1627 nomen
824 1584 963 1640 magis
994 1591 1140 1642 aptum
1171 1592 1262 1627 erat
1294 1584 1349 1628 ad
1381 1585 1508 1628 huius
1531 1584 1601 1628 dei
1623 1600 1695 1628 na-

248 1663 389 1700 turam
417 1656 763 1711 describendam,
798 1673 924 1715 quam
958 1672 1118 1700 nomen
1150 1657 1428 1713 „genitoris‚“
1463 1672 1592 1714 quam
1622 1672 1694 1700 no-

250 1730 412 1773 tionem
444 1730 538 1772 voci
569 1730 834 1783 „Saturnus“
865 1730 1009 1773 inesse
1039 1730 1327 1774 ostendimus!
1402 1730 1477 1773 Ad
1516 1730 1700 1773 eandem

249 1802 442 1845 radicem
488 1802 591 1856 »511α
637 1802 803 1857 („sav“)
831 1802 961 1845 etiam
991 1803 1212 1860 pertinere
1243 1804 1440 1860 suspicor
1471 1802 1700 1857 „Consiva,

251 1873 539 1930 Con-siv-ia,“
558 1874 675 1931 quod
704 1888 863 1917 nomen
892 1874 1016 1930 deae,
1051 1889 1160 1931 quae
1194 1875 1440 1917 nominatur
1458 1874 1565 1933 Ops,
1583 1874 1702 1917 attri-

248 1947 393 1989 buitur
423 1948 498 1999 (cf.
531 1947 803 2002 Schwegler.
832 1947 860 1989 l.
891 1963 927 1989 c.
959 1964 1000 2004 p.
1032 1946 1125 1990 224.
1164 1949 1296 1991 Anm.
1324 1947 1385 2002 9),
1429 1947 1699 2004 praesertim,

251 2034 364 2074 cum,
407 2019 442 2062 si
482 2018 816 2076 Schweglerum
854 2021 1090 2077 sequimur,
1128 2020 1193 2062 illi
1236 2021 1400 2064 nomini
1441 2021 1544 2064 insit
1580 2020 1699 2064 notio

249 2090 508 2149 procreandi
544 2097 587 2133 et
621 2092 841 2149 pariendi;
893 2106 1034 2148 neque
1079 2092 1221 2135 minus
1268 2100 1388 2136 certe
1430 2093 1515 2135 huc
1554 2093 1698 2136 refero

250 2178 409 2207 nomen
442 2163 549 2207 deae
570 2163 703 2219 „Sif‚“
737 2180 863 2222 quam
893 2164 938 2207 in
968 2164 1238 2221 mythologia
1255 2165 1570 2210 Scandinavica
1601 2180 1691 2209 eas-

251 2236 348 2279 dem
379 2242 522 2293 partes
554 2237 777 2294 suscipere
807 2242 988 2291 constat,
1027 2251 1132 2291 quas
1166 2236 1312 2294 „Ops“
1351 2237 1397 2279 in
1426 2237 1701 2293 mythologia

251 2307 403 2351 Latina
434 2307 613 2351 obtinet.

382 2380 495 2433 Quia
523 2380 607 2421 iam
638 2381 681 2422 in
716 2380 976 2422 carminibus
1009 2379 1155 2437 epicis,
1186 2385 1234 2421 ut
1264 2380 1322 2422 ita
1352 2380 1507 2434 dicam,
1536 2394 1606 2422 res
1635 2380 1701 2421 di-

251 2451 377 2495 vinae
407 2451 620 2494 artissime
651 2467 747 2494 cum
777 2452 908 2495 rebus
935 2467 960 2493 a
987 2450 1150 2509 populo
1190 2451 1324 2506 gestis
1368 2465 1561 2495 conexae
1605 2466 1700 2495 esse

249 2524 470 2579 videntur,
497 2525 695 2580 mythum
728 2526 779 2567 ab
801 2524 980 2566 historia
996 2524 1258 2581 separaturis
1277 2524 1490 2567 maximae
1506 2524 1700 2567 existunt

251 2596 542 2653 difficultates,
574 2610 685 2653 quae
716 2611 768 2640 eo
799 2597 986 2640 celerius
1019 2603 1065 2639 ut
1097 2602 1402 2640 removeantur
1432 2596 1527 2639 fore
1558 2610 1702 2656 spero,

251 2685 335 2727 quo
374 2669 531 2712 clarior
572 2669 650 2712 lux
688 2683 744 2712 ex
775 2669 940 2712 oriente
968 2669 1091 2712 nobis
1119 2670 1309 2713 affertur.
1379 2670 1471 2713 Iam
1511 2670 1695 2722 ratione,

252 2756 379 2798 quam
408 2742 453 2792 in
482 2743 610 2786 rebus
641 2742 951 2798 mythologicis
970 2741 1205 2786 tractandis
1225 2749 1354 2798 atque
1374 2743 1418 2784 in
1443 2743 1567 2799 cpica
1580 2743 1701 2801 poe'si
