1984 3332
384 1130 496 1174 Cum
528 1147 659 1191 supra
689 1141 944 1191 argumenta
976 1149 1344 1189 enumeraremus,
1384 1150 1493 1193 quae
1532 1150 1589 1178 ex
1613 1134 1702 1178 Ho-

249 1202 413 1245 merico
443 1219 574 1247 versu
603 1208 789 1263 repetita
817 1201 1108 1258 vocem’zzcog
1132 1207 1257 1250 litera
1276 1207 1430 1250 initiali
1460 1206 1702 1263 praeditam

248 1273 382 1318 fuisse
413 1275 726 1333 demonstrant,
764 1277 927 1320 hiatum
956 1278 1000 1321 in
1028 1278 1115 1321 fine
1145 1278 1270 1337 pedis
1297 1276 1411 1320 tertii
1438 1275 1701 1319 Hoffmanno

248 1351 358 1388 teste
375 1347 682 1401 (Quaestiones
696 1350 952 1392 Homericae
968 1351 1016 1393 II
1032 1366 1073 1407 p.
1090 1350 1173 1401 29),
1190 1351 1423 1392 maximam
1452 1349 1540 1390 vim
1572 1354 1701 1405 atque

248 1417 548 1460 auctoritatem
562 1417 724 1461 habere
742 1419 796 1461 ad
808 1419 979 1463 literam
995 1420 1217 1475 initialem,
1234 1434 1342 1477 quae
1355 1425 1419 1462 est
1429 1418 1479 1468 F,
1491 1418 1591 1461 huic
1607 1418 1702 1460 voci

248 1487 537 1543 tribuendam,
553 1495 706 1531 contra
721 1490 764 1531 in
781 1490 866 1547 fine
882 1492 1005 1547 pedis
1023 1491 1161 1549 quarti
1181 1498 1224 1534 et
1251 1492 1380 1549 primi
1408 1491 1561 1534 eodem
1577 1490 1701 1533 Hoff-

246 1573 402 1602 manno
435 1559 546 1603 duee
579 1561 717 1615 (1.c.1
752 1578 794 1620 p.
811 1562 883 1618 87)
915 1562 1097 1606 eandem
1133 1562 1356 1606 metricam
1389 1561 1702 1618 difficultatem,

248 1645 345 1672 cum
376 1646 433 1674 ex
464 1631 559 1689 ipsa
599 1648 750 1675 versus
779 1633 883 1677 sede
914 1634 1084 1677 veniam
1113 1634 1400 1686 nanciscatur,
1440 1635 1494 1677 ad
1534 1634 1702 1678 literam

245 1701 480 1757 spirantem
523 1704 621 1745 voci
660 1696 1131 1755 ''Ikcoffvindicandam
1177 1705 1290 1748 nihil
1319 1705 1467 1747 valere
1497 1703 1699 1748 vidimus.

379 1772 470 1816 Sed
489 1772 753 1817 Hoffmanno
775 1776 820 1817 in
849 1776 929 1817 hac
960 1790 1007 1817 re
1037 1775 1237 1817 assentiri
1267 1790 1354 1818 non
1384 1790 1573 1832 possum,
1601 1791 1697 1818 cum

248 1843 354 1885 mihi
385 1844 441 1885 sit
473 1858 740 1901 persuasum,
769 1846 944 1900 hiatum,
973 1848 1222 1903 ubieunque
1252 1848 1296 1889 in
1324 1847 1599 1891 Carminibus
1614 1847 1701 1889 Ho-

247 1914 419 1956 mericis
447 1912 680 1965 invenitur,
711 1936 762 1943 ——-
794 1912 889 1954 dico
919 1913 1028 1955 illud
1058 1928 1198 1969 genus
1230 1913 1383 1967 hiatus,
1419 1912 1534 1970 quod
1564 1912 1702 1955 oritur

248 1989 353 2036 tum,
386 1998 485 2025 cum
514 1997 683 2036 vocem,
716 1997 825 2039 quae
855 1983 1004 2025 finitur
1034 1982 1156 2024 brevi
1187 1983 1342 2036 vocali,
1374 1983 1537 2040 excipit
1565 1984 1701 2026 altera

246 2069 334 2097 vox
361 2070 386 2096 a
414 2053 555 2096 vocali
584 2052 794 2109 incipiens
806 2077 857 2081 —-
872 2051 1097 2094 metricam
1123 2065 1217 2095 esse
1246 2051 1561 2107 difficultatem,
1592 2067 1701 2110 quae

247 2141 335 2169 non
364 2139 418 2169 ex
449 2125 580 2168 certis
610 2125 785 2167 sedibus
816 2138 981 2178 versuS,
1010 2125 1088 2166 sed
1119 2130 1284 2166 tantum
1306 2139 1362 2166 ex
1379 2140 1533 2167 vocum
1551 2131 1702 2167 natura

247 2204 376 2252 atque
422 2198 680 2240 formatione
739 2198 894 2239 iustam
943 2195 1266 2238 excusationem
1308 2201 1510 2253 repetere
1553 2196 1701 2252 possit.

252 2267 359 2312 Mihi
390 2267 505 2310 enim
534 2272 713 2321 constat,
750 2267 915 2308 hiatum
947 2266 1023 2319 eis,
1065 2266 1138 2321 qui
1170 2265 1224 2308 de
1254 2265 1440 2308 dialecto
1470 2265 1703 2308 Homerica

250 2339 546 2394 quaestionem
575 2340 816 2391 instituunt,
837 2338 984 2380 multis
1014 2338 1119 2380 locis
1147 2338 1442 2381 demonstrare
1471 2338 1579 2380 viam
1610 2353 1701 2381 mu·

248 2410 398 2463 uitam,
442 2425 525 2467 qua
555 2409 609 2451 ad
637 2409 903 2465 antiquiores
932 2410 1091 2452 formas
1122 2409 1407 2463 adducantur,
1451 2422 1575 2464 quae,
1620 2408 1700 2451 etsi

247 2481 333 2523 iam
350 2481 424 2523 diu
454 2496 476 2522 e
496 2481 667 2523 Graeca
700 2481 863 2535 lingua,
895 2481 1032 2537 qualis
1063 2481 1188 2523 nobis
1218 2487 1282 2523 est
1308 2486 1489 2534 servata,
1515 2495 1703 2523 evanue-

246 2559 374 2607 rant,'
407 2559 552 2596 tamen
581 2553 626 2595 in
654 2554 832 2608 antiqua
860 2552 980 2610 poesi
1011 2552 1136 2610 epica
1164 2553 1224 2594 ita
1252 2552 1432 2595 fuerunt
1456 2552 1503 2596 in
1531 2568 1627 2609 usu,
1653 2558 1702 2596 ut

250 2625 372 2667 nulla
402 2624 611 2666 existeret
640 2623 820 2664 metrica
848 2622 1102 2676 difficultas3
1145 2628 1273 2680 atque
1300 2622 1335 2664 si
1366 2622 1702 2678 consideramus,

246 2696 292 2739 in
319 2696 575 2738 carminibus
591 2694 838 2737 Homericis
858 2695 1015 2737 multas
1033 2694 1218 2737 inveniri
1233 2695 1440 2738 formulas
1456 2694 1629 2738 dicendi
1644 2709 1701 2737 ex

245 2766 489 2825 antiquiore
519 2765 642 2823 poesi
660 2765 880 2823 repetitas,
899 2780 987 2808 non
1010 2770 1087 2816 est,
1113 2765 1229 2822 quod
1250 2765 1459 2815 miremur
1477 2766 1592 2824 apud
1609 2765 1698 2808 Ho-

245 2853 414 2882 merum
432 2838 697 2895 antiquiores
714 2853 869 2880 vocum
890 2838 1049 2881 formas
1065 2837 1191 2882 nobis
1219 2852 1314 2881 esse
1342 2844 1546 2882 servatas.
1579 2838 1702 2882 Haec
