1984 3332
981 202 1036 244 43

265 336 446 379 poeseos
474 337 596 364 usum
623 323 847 377 imitatum,
879 327 970 364 erat
999 322 1275 374 instructum,
1305 325 1520 362 sanantur.
1555 319 1623 361 De
1653 333 1721 373 eo,

266 393 380 450 quod
408 392 454 435 in
483 393 637 437 eodem
666 408 792 437 versu
828 393 993 447 (1³103)
1021 391 1169 447 ἕτερος
1196 392 1366 434 literam
1406 390 1641 449 spirantem
1677 396 1721 432 et

264 465 511 520 amplexum
544 472 587 506 et
611 471 887 521 aspernatum
917 464 1177 517 invenimus,
1210 463 1312 506 satis
1338 469 1417 516 est,
1433 462 1611 504 lectoris
1627 460 1721 503 ani—

266 550 380 578 mum
408 534 635 578 advertere
665 535 718 579 ad
746 550 787 592 p.
805 536 872 579 31.

375 608 462 648 Iam
476 613 611 648 restat
623 606 797 648 dimidia
812 621 909 664 pars
922 621 1070 648 eorum
1085 607 1291 660 locorum,
1309 620 1415 661 quos
1430 604 1719 647 Hoffmannus

262 678 316 719 ad
344 678 600 720 sententiam
629 692 749 719 suam
783 678 1036 720 firmandam
1066 678 1227 729 attulit3
1259 684 1357 718 sunt
1374 677 1489 718 enim
1509 676 1572 718 hi:
1608 676 1719 717 1'24.

266 748 523 791 Θ248.359.
553 752 600 791 Ν
608 748 701 791 705.
733 746 777 795 ’Ξ
784 748 879 791 503.
913 748 1055 791 0271.
1087 745 1538 791 P54.520.582.69‘2.
1563 746 1655 789 724.
1685 748 1724 788 Σ

265 821 356 863 180.
393 821 509 862 Υ72.
540 824 589 861 X
600 819 694 862 282.-
714 819 816 873 3863
862 819 966 875 quid
1009 820 1063 862 de
1108 820 1174 861 his
1207 819 1311 861 locis
1342 818 1621 860 iudicandum
1653 818 1720 870 sit,

263 891 298 933 si
333 891 592 947 quaerimus,
638 890 762 934 nobis
806 905 1058 948 persuasum
1098 897 1177 945 est,
1220 889 1570 947 productionem,
1611 902 1720 945 quae

263 963 336 1005 hic
363 977 503 1019 neque
548 977 571 1004 e
616 962 754 1005 literis
795 962 1056 1019 spirantibus
1091 978 1122 1004 s.
1151 963 1182 1017 j.
1215 979 1254 1004 st.
1296 976 1436 1019 neque
1468 977 1491 1004 e
1519 962 1720 1004 termina-

263 1034 427 1076 tionum
456 1033 646 1076 firmiore
674 1040 826 1076 natura
851 1034 1004 1076 iustam
1027 1041 1177 1091 petere
1205 1039 1356 1091 potest
1379 1033 1720 1088 excusationem,

264 1121 314 1149 ea
341 1120 390 1148 re
423 1106 645 1164 explicari,
693 1106 822 1164 quod,
873 1122 970 1150 cum
1012 1113 1167 1165 poetae
1212 1121 1302 1149 non
1341 1106 1525 1165 amplius
1552 1111 1720 1148 rectum

262 1178 467 1220 iudicium
500 1178 553 1220 de
593 1179 632 1220 vi
676 1179 898 1222 literarum
946 1179 1201 1236 spirantium
1253 1179 1475 1232 haberent,
1523 1193 1627 1234 quas
1672 1178 1718 1219 in

261 1249 501 1306 antiquiore
530 1250 654 1308 epica
689 1251 810 1309 poesi
848 1251 892 1293 in
933 1251 1056 1294 initio
1099 1266 1253 1293 vocum
1299 1251 1487 1294 valuisse
1534 1256 1717 1304 constat,

265 1324 405 1375 etiam,
435 1328 664 1379 postquam
691 1323 843 1364 lit-crae
874 1324 1088 1380 spirantes
1121 1337 1144 1364 e
1178 1322 1355 1378 linguae
1383 1322 1593 1365 memoria
1618 1336 1717 1363 eva·

270 1399 471 1448 nuerunt,
515 1393 574 1436 ibi
615 1394 769 1437 breves
816 1395 1008 1450 syllabae
1053 1394 1159 1437 falsa
1196 1394 1433 1436 imitatione
1479 1393 1717 1436 adiuvante

263 1464 445 1522 produci
491 1480 617 1523 posse
658 1466 931 1523 putabantur,
969 1466 1042 1509 ubi
1079 1481 1166 1509 non
1204 1481 1227 1508 e
1266 1480 1421 1509 vocum
1453 1466 1716 1508 formatione

266 1537 376 1577 iusta
406 1536 553 1577 afferri
582 1543 749 1593 poterat
781 1537 1013 1594 explicatio
1036 1537 1081 1593 ¹).
1111 1537 1144 1578 E
1175 1537 1419 1594 quindecim
1450 1537 1537 1578 illis
1568 1550 1716 1578 exem-

262 1608 347 1666 plis
381 1608 569 1666 quinque
598 1609 788 1665 syllabas
816 1625 865 1660 υς
896 1615 939 1651 et
961 1625 1011 1651 υν
1039 1608 1270 1667 productas
1288 1609 1501 1666 praebent
1522 1609 1578 1651 ef.
1598 1607 1720 1659 νέκυς

263 1683 302 1722 Σ
317 1680 409 1724 180.
439 1685 489 1723 X
497 1680 590 1724 386.
620 1680 741 1723 νέκυν
757 1681 899 1725 Ρ692.
918 1681 1010 1724 724.
1041 1681 1227 1725 πέλεκυν
1246 1681 1399 1736 Ρ520;
1431 1695 1573 1737 neque
1590 1680 1719 1723 aliter

263 1767 334 1795 res
362 1768 408 1796 se
437 1753 567 1796 habet
595 1754 726 1796 H84.
762 1754 909 1807 ΨΙΙΟ,
955 1754 1109 1809 quibus
1151 1755 1256 1796 locis
1294 1755 1339 1796 in
1382 1768 1560 1796 caesura
1589 1753 1715 1795 semi-

263 1825 450 1866 ternaria
481 1825 662 1867 eandem
694 1839 845 1867 vocem
870 1824 1004 1879 νέκυν,
1036 1825 1205 1882 syllaba
1234 1825 1372 1867 altera
1393 1825 1617 1882 producta,
1647 1824 1713 1866 in·

264 1895 471 1938 venimus.
545 1896 580 1938 Ε
611 1896 891 1939 multitudine
921 1897 1117 1939 locorum
1148 1897 1338 1953 syllabas
1368 1913 1418 1948 υς
1443 1904 1486 1939 et
1515 1913 1565 1939 υν
1597 1897 1715 1954 apud

265 1966 506 2008 Homerum
527 1967 572 2007 in
595 1966 660 2008 his
685 1968 863 2008 vocibus
883 1968 1205 2023 longitudinem
1224 1982 1418 2010 servasse
1435 1967 1716 2022 collegerim;

263 2043 452 2082 attamen
484 2054 579 2081 cum
598 2038 866 2083 Hoffmanno
900 2039 1011 2083 duce
1031 2040 1054 2083 I
1085 2056 1126 2098 p.
1144 2040 1198 2083 98
1227 2056 1304 2098 pro
1325 2047 1443 2084 certo
1466 2041 1716 2095 habeamus,

266 2116 429 2152 tantum
465 2110 767 2153 nominativum
797 2117 841 2153 et
869 2112 1162 2153 accusativum
1191 2112 1425 2167 singularis
1441 2126 1593 2155 eorum
1614 2112 1712 2154 sub-

264 2183 563 2236 stantivorum,
609 2198 715 2240 quae
744 2184 789 2226 in
820 2200 869 2234 υς
898 2183 1139 2226 desinentia
1167 2191 1360 2240 oxytona
1391 2191 1491 2226 sunt
1523 2190 1567 2227 et
1591 2199 1715 2227 voca-

263 2257 349 2300 lem
382 2274 406 2300 v
435 2257 479 2300 in
509 2257 713 2313 genetivo
744 2257 1000 2315 corripiunt,
1031 2258 1222 2315 syllabas
1250 2275 1299 2310 υς
1329 2265 1372 2301 et
1396 2275 1446 2301 vv
1479 2257 1595 2316 apud
1625 2257 1714 2301 Ho-

264 2345 431 2372 merum
473 2329 703 2386 productas
749 2329 1017 2386 praebuisse,
1054 2329 1191 2384 illam,
1233 2345 1359 2385 quam
1397 2330 1717 2387 proposuimus,

264 2400 562 2458 explicationis
592 2400 702 2442 viam
736 2399 941 2443 deserere
971 2400 1189 2444 debemus.
1225 2402 1316 2444 Iam
1348 2417 1446 2444 cum
1478 2407 1564 2445 tres
1596 2401 1717 2444 locos

396 2583 429 2628 l)
459 2583 625 2625 Accedit,
664 2587 706 2619 ut
729 2583 970 2620 Hoffmannus
993 2585 1032 2619 in
1056 2584 1126 2619 hac
1153 2584 1318 2619 locorum
1343 2583 1622 2619 enumeratione
1652 2596 1716 2619 eos

261 2646 362 2682 locos
389 2646 605 2692 neglexerit,
632 2648 695 2682 ubi
720 2647 799 2693 ipse
825 2647 1009 2693 digamma
1030 2647 1313 2692 productionem
1340 2646 1506 2683 effecisse
1532 2647 1572 2682 in
1595 2648 1715 2682 altero

263 2709 452 2745 volumine
477 2710 734 2754 quaestionum
770 2710 1049 2746 Homericamm
1085 2710 1353 2746 demonstravit
1392 2710 1439 2746 cf.
1469 2710 1568 2746 infra
1610 2723 1647 2756 p.
1671 2712 1717 2746 84

262 2771 327 2807 ubi
352 2773 559 2809 accuratius
586 2773 632 2809 de
655 2773 711 2810 his
735 2773 837 2818 loeis,
864 2785 956 2819 quos
982 2773 1091 2810 modo
1116 2774 1340 2819 enumeravi,
1364 2775 1488 2810 actum
1514 2777 1583 2811 est.
