1984 3332
970 244 1025 286 42

272 376 381 413 mus,
420 362 536 420 quod
565 379 590 405 a
624 363 771 407 radice
804 363 932 419 „sad“
967 362 1206 405 derivatum
1242 362 1412 405 literam
1444 362 1679 420 spirantem
1708 380 1728 407 s

270 432 414 475 adhuc
461 435 663 489 servavit,
711 437 835 478 nobis
881 433 1156 477 statuendum
1191 439 1270 487 est,
1313 433 1359 475 in
1397 433 1574 489 antiqua
1605 435 1725 490 epica

271 504 392 562 poesi
422 503 542 547 illam
569 506 805 564 spirantem
837 506 964 549 etiam
996 505 1040 547 in
1073 519 1181 547 voce
1211 502 1310 556 ἕδος
1339 504 1540 560 valuisse,
1578 504 1636 547 ita
1678 511 1725 547 ut

270 577 502 633 productio
533 578 729 634 syllabae
759 595 807 629 ος
837 586 937 621 ante
960 576 1059 628 ἕδος
1088 577 1210 620 nobis
1241 592 1328 620 non
1358 576 1590 620 offensioni
1631 592 1726 619 esse

273 646 441 691 debean

369 722 371 724 ’
404 720 517 763 Cum
550 720 748 776 spiritum
779 734 981 778 asperum
1018 721 1063 762 in
1093 720 1347 776 pronomine
1381 720 1722 763 demonstrativo

272 787 351 845 ὁ,ἡ
369 806 392 832 e
423 790 551 834 litera
593 790 774 847 spiranti
805 807 824 833 s
851 798 992 834 ortum
1027 805 1121 834 esse
1152 790 1266 833 infra
1294 791 1629 834 demonstraturi
1669 791 1722 834 si-

272 876 381 915 mus,
426 860 672 919 productio,
718 876 829 917 quae
862 862 1002 903 9470
1032 861 1263 915 invenitur,
1306 861 1459 904 iustam
1492 862 1623 904 habet
1654 876 1728 905 ex-

274 933 562 988 cusationem3
590 933 651 975 ibi
684 933 800 977 enim
833 934 1016 990 legitur:

494 1021 644 1064 Ιδαῖον
673 1021 720 1065 δὲ
751 1022 842 1064 κατ’
873 1013 982 1065 αὖθι
1010 1021 1161 1065 λίπέν·
1195 1019 1218 1064 ὁ
1250 1020 1297 1064 δὲ
1323 1021 1475 1076 μίμνεν

405 1109 465 1151 Ηί
498 1116 598 1152 sunt
627 1109 729 1165 loci,
770 1110 843 1153 ubi
873 1109 1116 1167 productio,
1156 1124 1265 1168 quae
1295 1110 1342 1153 fit
1378 1109 1424 1151 in
1452 1123 1629 1152 caesura
1659 1123 1724 1152 se-

275 1182 593 1238 miseptenaria,
638 1182 764 1224 litera
793 1183 972 1239 spiranti
1003 1198 1022 1224 s
1053 1182 1283 1224 adiuvante
1313 1188 1433 1224 recte
1467 1181 1727 1239 explicatur.

274 1252 467 1296 Literam
495 1253 732 1311 spirantem
773 1253 1016 1311 palatalem,
1063 1267 1172 1311 quae
1210 1259 1274 1295 est
1299 1253 1334 1309 j,
1363 1252 1505 1295 [1540
1544 1252 1731 1295 valuisse

270 1323 376 1364 mihi
401 1338 653 1380 persuasum
685 1330 763 1377 est,
792 1324 979 1378 legimus
1011 1323 1148 1366 enim:

492 1405 550 1454 02'1'
568 1428 642 1453 πω
671 1413 760 1452 πᾶν
788 1411 962 1468 εείρητο
993 1420 1145 1465 ferros,
1174 1408 1235 1454 ὅτ’
1267 1405 1333 1466 ἄρ’
1364 1405 1534 1466 ἤλυθον

269 1514 353 1553 quo
382 1502 477 1541 loco
506 1501 632 1542 litera
655 1503 688 1557 j,
730 1502 854 1543 cuius
899 1502 1016 1543 vices
1053 1501 1095 1542 in
1127 1500 1383 1558 pronomine
1420 1500 1600 1542 relativo
1645 1501 1729 1541 for-

267 1570 434 1629 misque
462 1571 514 1613 ab
546 1570 698 1614 eodem
748 1571 952 1614 derivatis
995 1570 1193 1628 spiritum
1240 1585 1443 1629 asperum
1488 1569 1730 1628 suscepisse

265 1649 418 1698 postea
468 1643 760 1697 ostendemus,
805 1644 1084 1700 productioni
1139 1644 1335 1699 syllabae
1378 1669 1423 1675 —
1473 1658 1521 1693 ος
1566 1648 1730 1684 rectum

272 1714 401 1758 affert
432 1715 657 1759 auxilium.
717 1716 914 1759 Eandem
943 1715 1113 1758 literam
1144 1715 1259 1774 spira
1277 1721 1395 1758 ntem
1427 1719 1467 1757 I'
1497 1714 1575 1756 103
1623 1720 1666 1757 et
1695 1716 1738 1757 A

267 1786 350 1828 492
389 1787 476 1829 vim
517 1802 637 1830 suam
683 1787 873 1829 nondum
921 1787 1115 1829 amisisse
1161 1786 1263 1844 opin
1283 1801 1360 1840 or3
1408 1787 1467 1829 ibi
1512 1787 1626 1829 enim
1672 1787 1729 1828 le·

268 1857 437 1913 gimus:

435 1954 578 1999 οἴσετε
608 1954 725 2012 πέφν’
755 1956 903 2012 ἕτερον
931 1949 1083 1999 λευκὸν
1112 1955 1259 2012 ἑτέρην
1286 1957 1334 1998 δε
1364 1956 1564 2010 μέλαιναν

436 2025 641 2086 βεβλήκει
669 2031 883 2085 βουβῶνα,
915 2028 1043 2073 νέκῦν
1071 2026 1244 2086 ἑτέρωσ’
1279 2025 1457 2085 ἐρύοντα

271 2102 328 2142 cf.
358 2101 510 2143 H418.
540 2096 804 2159 ἀμφότερον,
835 2099 985 2152 νέκυάς
1015 2102 1051 2142 τ’
1083 2096 1250 2156 ἆγέμὲν,
1283 2099 1438 2155 ἕτεροι.

383 2194 548 2238 Omitto
576 2197 659 2239 hoc
689 2197 784 2239 loco
818 2197 970 2250 N731,
1000 2196 1074 2237 ubi
1104 2195 1289 2250 legitur:

436 2272 550 2336 ἄλλῳ
581 2279 616 2322 δ’
649 2274 877 2336 ὀρχηστύν,
907 2277 1040 2337 ἑτέρῳ
1072 2279 1249 2334 κίθαριν
1276 2279 1348 2322 καὶ
1376 2273 1545 2332 ἀοιδήν·

271 2376 398 2418 quem
442 2376 613 2404 versum
646 2379 670 2404 a
701 2363 925 2406 Zenodoto
976 2363 1193 2405 adiectum
1235 2362 1409 2418 ignorat
1438 2363 1723 2405 Aristonicus.

267 2433 443 2489 Longas
473 2435 645 2477 vocales
674 2435 720 2477 in
745 2436 829 2477 arsi
859 2442 958 2478 aute
991 2434 1140 2490 ἕτερος
1170 2435 1401 2492 productas
1448 2434 1537 2477 vidi
1576 2438 1614 2478 E
1631 2436 1725 2480 288.

270 2504 404 2548 1219.
436 2505 583 2553 5272.
613 2508 758 2551 P627.
791 2509 911 2552 0171.
944 2509 1066 2552 Χ80.
1084 2508 1179 2551 266.
1213 2508 1361 2552 [2598.

399 2576 446 2621 Si
475 2577 530 2619 de
562 2577 734 2634 origine
765 2579 882 2621 vocis
909 2577 1057 2633 ἕτερος
1099 2579 1363 2637 quaerimus,
1404 2580 1613 2623 Lottnero
1655 2595 1724 2623 as·
1796 2611 1802 2617 -

267 2648 494 2702 sentimur,
536 2650 609 2706 qui
654 2650 842 2703 (Kuhn’s
883 2650 1093 2693 Ztschrift
1114 2651 1156 2691 V
1190 2666 1232 2707 p.
1257 2652 1353 2705 395)
1383 2650 1531 2707 ἕτερος
1560 2651 1726 2705 (dorice

267 2716 444 2772 ἅτερος)
476 2720 529 2762 ad
556 2721 858 2764 sanskriticum
890 2721 1115 2777 „yataras“
1146 2721 1425 2764 referendum
1459 2736 1553 2765 esse
1583 2729 1725 2765 osten-

268 2792 342 2835 dit.
401 2794 554 2850 Itaque
581 2792 895 2850 productiones
927 2792 1051 2835 litera
1074 2794 1109 2849 j,
1154 2808 1236 2851 qua
1267 2790 1429 2849 ἕτερος,
1472 2794 1725 2851 antiquioris
