1984 3332
942 175 998 219 53

374 299 584 342 Videmus
612 299 680 342 his
707 298 815 341 locis
842 297 967 341 nobis
998 302 1213 340 servatam
1243 309 1339 339 esse
1369 293 1589 350 antiquam
1629 292 1697 334 di-

240 366 369 415 cendi
398 372 640 426 formulam,
663 385 797 427 quam
823 370 1088 427 permultum
1118 369 1264 412 valere
1301 373 1405 425 puto
1435 366 1490 409 ad
1519 379 1696 408 sensum

239 444 518 501 primitivum,
559 443 696 500 qualis
727 448 820 486 erat
847 442 894 484 in
923 456 1032 485 voce
1063 440 1202 497 ἔοικα,
1247 447 1366 484 recte
1409 437 1695 482 statuendum.

241 513 290 559 Si
319 520 529 568 tenemus,
569 512 703 556 radici
731 529 803 556 nx
842 513 985 556 inesse
1024 527 1199 556 sensum
1243 511 1459 566 veniendi,
1501 510 1582 553 ista
1609 510 1698 552 for-

241 587 357 628 mula
384 586 498 628 hanc
528 585 885 642 significationem
916 585 1145 640 contineri,
1189 599 1246 627 ex
1284 584 1490 626 adverbio
1519 577 1697 638 ἷίγχιστα

240 660 465 718 perlucide
499 666 706 718 apparet3
752 652 954 715 ὅγχιστος
995 658 1110 701 enim
1156 657 1374 715 significat
1400 655 1697 713 „proximus.“

240 732 393 790 Itaque
422 732 544 774 illam
573 732 806 774 formulam
839 732 901 774 sic
931 736 1149 773 vertamus
1177 743 1358 772 necesse
1389 735 1478 771 est:

374 803 469 856 „Er
497 819 589 844 war
616 803 703 844 ihm
730 818 799 844 am
826 802 1034 843 mich-§ten
1060 801 1310 858 qekommen
1338 815 1393 841 an
1421 800 1580 842 Grssse
1607 799 1698 840 und
1746 826 1750 829 -

247 873 395 916 Wuchs
424 876 452 918 τ’.
482 890 515 919 e.
547 890 594 915 er
632 889 724 916 war
760 873 845 916 ihm
885 872 983 915 sehr
1029 872 1215 923 iilmlich,
1261 888 1307 913 er
1349 870 1469 928 922⁹ch
1512 870 1600 912 ihm
1639 886 1697 912 an

246 945 404 990 G'rb'sse
436 946 543 989 etc.“

375 1017 531 1074 Neque
561 1017 738 1060 levioris
779 1016 988 1060 momenti
1027 1016 1083 1059 ad
1117 1030 1289 1059 sensum
1328 1015 1593 1072 primitivum
1628 1030 1693 1057 ra-

241 1089 363 1144 dicis,
408 1103 519 1145 quae
558 1090 636 1131 sub
668 1087 789 1132 ἔοικα
817 1089 936 1142 latet,
978 1087 1299 1130 enucleandum
1338 1094 1403 1130 est
1431 1086 1694 1129 adiectivum

240 1160 493 1215 ἐπιείκελος,
523 1160 639 1218 quod
672 1160 804 1215 legisz

432 1265 475 1306 A
485 1263 579 1306 394.
612 1259 858 1319 Αἱμονίδης
890 1260 1133 1314 ἐπιείκελος
1161 1256 1445 1322 ἀθανάτοισιν

432 1338 484 1376 Λ
509 1336 576 1377 60.
708 1359 760 1365 -—
882 1334 1126 1377 ἐπιείκελον
1153 1328 1445 1376 ἀθανάτοισιν

436 1409 463 1448 Ι
481 1405 576 1447 485.
706 1429 756 1436 —
880 1407 1011 1456 θεοῖς
1040 1403 1241 1448 ἐπιείκελ’
1270 1399 1465 1457 Ἀχιλλεῦ

240 1510 297 1553 cf.
323 1509 419 1552 494.
448 1513 499 1552 Χ
510 1509 605 1553 279.
641 1510 762 1553 21180.

368 1580 421 1623 In
449 1581 516 1623 his
545 1580 741 1623 formulis
772 1580 1035 1639 praepositio
1066 1580 1153 1635 ἐπι,
1182 1580 1350 1623 etiamsi
1381 1594 1470 1622 non
1499 1584 1617 1622 tanta
1634 1579 1692 1633 vi,

237 1652 412 1695 easdem
441 1652 555 1695 vices
586 1652 714 1707 gerit,
747 1667 853 1708 quas
886 1668 1015 1709 supra
1045 1653 1098 1695 ab
1128 1645 1306 1707 ἶίγχιστα
1335 1657 1557 1709 susceptas
1587 1650 1692 1693 vidi--

237 1739 345 1766 mus.
386 1722 714 1781 Praepositione
749 1723 863 1766 enim
896 1723 983 1778 ἐπι,
1019 1723 1139 1765 cuius
1167 1729 1321 1765 natura
1350 1723 1478 1764 etiam
1509 1736 1559 1765 eo
1591 1737 1691 1765 con-

238 1795 413 1849 tinetur,
427 1794 543 1850 quod
559 1800 721 1836 motum
743 1794 797 1836 ad
817 1794 1007 1850 aliquem
1028 1795 1171 1837 locum
1200 1800 1469 1851 spectantem
1486 1793 1693 1836 describit

236 1867 293 1909 cf.
323 1865 436 1909 Pott.
468 1865 535 1909 Et.
558 1865 607 1908 F.
625 1865 648 1907 I
665 1882 707 1923 p.
722 1866 816 1919 511,
852 1865 1054 1920 efficitur,
1084 1865 1219 1909 radici
1252 1863 1307 1921 ἶκ,
1339 1880 1448 1922 quae
1475 1867 1554 1909 sub
1583 1861 1689 1909 εἷ’κε·

235 1938 311 1988 λος
340 1938 457 1992 latet,
487 1938 707 1981 notionem
737 1937 942 1981 veniendi
973 1938 1128 1989 inesse,
1160 1939 1219 1980 ita
1246 1944 1294 1980 ut
1326 1937 1477 1980 eadem
1508 1937 1692 1992 ratione,

236 2023 320 2064 qua
348 2008 393 2050 in
421 2002 596 2064 ἄγχιστα
626 2005 792 2062 ἐοικώς,
834 2008 889 2050 ad
926 2023 1099 2052 sensum
1137 2008 1435 2052 similitudinis
1463 2008 1688 2066 pervenia-

236 2094 347 2122 mus.
409 2080 458 2122 Si
487 2085 629 2121 autem
663 2085 844 2134 constat,
878 2078 999 2122 ἔοικα
1030 2079 1084 2122 ad
1114 2079 1304 2122 radicem
1349 2095 1420 2121 nu
1466 2080 1572 2135 (skr.
1599 2079 1688 2134 vic)

235 2153 469 2210 pertinere,
501 2166 609 2207 quae
640 2151 844 2194 veniendi
862 2151 1229 2207 significationem
1248 2151 1541 2210 amplectitur,
1561 2151 1687 2194 nobis

237 2223 365 2267 etiam
393 2237 481 2266 non
511 2223 668 2265 mirum
710 2237 803 2266 esse
845 2223 1030 2278 videtur,
1074 2222 1191 2279 quod
1230 2223 1359 2266 radix
1400 2237 1560 2279 graeca
1604 2239 1688 2279 nu,

236 2303 328 2339 tum
356 2311 454 2338 eum
483 2295 709 2352 aequitatis
738 2302 868 2352 atque
898 2295 1196 2339 similitudinis
1224 2297 1446 2339 notionem
1467 2296 1689 2351 describit,

236 2373 403 2411 tantum
432 2366 628 2425 perfecto
674 2372 716 2410 et
755 2367 1183 2426 plusquamperfecto
1222 2367 1490 2427 temporibus
1542 2367 1686 2412 utitur.

235 2439 540 2495 Intellegimus
600 2439 763 2494 igitur,
809 2454 962 2483 vocem
1021 2438 1144 2485 ἔοικα
1206 2441 1322 2484 clara
1374 2440 1558 2496 vestigia
1615 2456 1684 2484 re-

234 2510 428 2568 liquisse,
474 2526 584 2569 quae
623 2511 661 2554 si
692 2511 998 2570 persequimur
1028 2512 1153 2556 nobis
1180 2512 1428 2567 ostendunt,
1469 2512 1685 2570 quomodo

233 2583 359 2627 radix
411 2599 506 2638 nx,
549 2599 574 2625 a
619 2583 825 2627 veniendi
869 2585 1045 2629 notione
1091 2586 1289 2642 profecta
1342 2584 1567 2642 paullatim
1616 2600 1684 2628 ac-

235 2656 402 2715 ceperit
446 2670 621 2699 sensum
664 2655 978 2713 similitudinis5
1021 2664 1251 2717 postquam
1281 2658 1388 2701 haec
1435 2657 1554 2700 notio
1584 2656 1686 2699 satis

234 2727 419 2771 stabilita
462 2734 592 2784 atque
641 2728 803 2770 munita
847 2729 942 2772 voci
988 2727 1110 2773 ἔοικα
1155 2730 1301 2773 inesse
1346 2735 1562 2787 coeperat,
1609 2729 1686 2771 tali
