1984 3332
887 0 896 7 *
905 0 957 14 “fv-⁴
1013 0 1032 2 ·’

928 154 1006 198 121

500 283 539 324 Ε
572 279 668 324 547.
699 279 892 337 Διοκλῆα
918 277 1186 336 μεγάθυμον.

501 354 558 395 M
566 352 661 396 379.
690 345 908 413 Ἐπικλῆαν
926 346 1204 407 μεγάθυμον.

501 428 554 467 Π
568 423 663 467 594.
692 422 931 480 Βαθυκλῆα
956 419 1235 480 μεγάθυμον..

499 499 551 539 Π
564 495 659 539 818.
686 495 948 553 Πατροκλῆα
971 491 1238 551 μεγάθυμον.

498 568 658 611 11488.
685 563 860 611 αἶ’θωνᾶ
890 563 1145 624 μεγάθυμον

503 644 557 684 Η
569 640 664 684 462.
689 631 810 692 αὖτις
823 640 861 684 δ’
880 634 1009 697 ηἰόνᾶ
1024 636 1210 697 μεγάλην
1238 640 1289 685 cf.
1307 643 1365 683 M
1375 641 1428 683 31

501 716 540 756 Σ
564 713 658 756 344.
687 706 800 771 ἀμφὶ
819 711 926 768 πυρὶ
941 713 1091 770 ςτῆσαι
1111 708 1300 768 τριπὸδᾶ
1319 711 1450 769 μέγαν

241 786 299 829 cf.
317 789 366 828 X
378 785 473 828 443.
505 784 625 827 Ψ4Ο.
1284 829 1287 833 ,

498 859 539 899 Ρ
560 854 656 899 299.
684 851 960 913 Πατρόκλοιο
978 851 1100 899 πόδᾶ
1111 852 1415 914 μεγαλήτορος.

556 929 652 971 626.
671 923 770 978 ,οὔδ’
789 925 914 971 ἔλαθ’
930 925 1107 971 Αἴαντᾶ
1124 926 1405 985 μεγαλήτορα.

505 1004 545 1044 Φ
566 1000 661 1044 243.
690 994 853 1059 εὖφυέᾶ
880 996 1078 1058 μεγάλην.

371 1074 539 1117 Eadem
570 1073 751 1128 ratione,
782 1088 865 1130 qua
893 1073 1023 1116 modo
1058 1073 1407 1117 terminationem
1442 1072 1694 1116 nominativi

244 1147 427 1207 pluralis
455 1146 649 1190 neutrius
681 1146 858 1202 generis
882 1145 1209 1205 explicavimus,
1236 1146 1366 1190 etiam
1384 1145 1693 1189 Accusativum

247 1219 399 1264 tertiae
428 1217 742 1272 declinationis,
781 1218 826 1262 in
853 1234 881 1261 α
911 1218 1199 1273 desinentem,
1237 1218 1461 1262 illustrare
1490 1218 1694 1262 conabor.

240 1291 549 1337 Accusativum
565 1292 609 1335 in
626 1292 776 1348 lingua
795 1291 967 1337 Graeca
982 1291 1028 1334 in
1043 1291 1124 1347 ,‚n“
1147 1291 1281 1347 exire,
1299 1291 1415 1348 quod
1437 1291 1695 1334 sanskritico

240 1366 342 1422 ,‚m“
371 1363 621 1423 respondet,
650 1363 751 1408 satis
780 1370 960 1408 constat.
1006 1363 1058 1406 cf.
1088 1364 1229 1423 Bopp.
1260 1364 1365 1422 Vgl.
1394 1363 1513 1409 Gal
1545 1363 1694 1419 §1493

239 1451 382 1495 neque
412 1436 553 1479 minus
581 1436 711 1479 certis
742 1436 1011 1492 argumentis
1041 1436 1249 1491 firmatur,
1282 1436 1576 1479 accusativum
1606 1441 1692 1479 ter-

242 1510 326 1554 tiae
356 1508 655 1553 declinationis
687 1508 993 1566 antiquissimis
1033 1508 1302 1566 temporibus
1332 1508 1376 1551 in
1404 1509 1492 1564 ,‚n“
1519 1508 1694 1564 exiisse,

181 1629 183 1631 ,
241 1581 354 1640 quod
385 1587 536 1639 postea
567 1595 590 1623 e
619 1580 771 1637 lingua
800 1580 985 1624 evanuit.
1032 1579 1111 1624 Sic
1140 1580 1446 1623 sanskriticum
1475 1581 1693 1638 „padam“

237 1667 397 1711 graeco
429 1649 548 1697 πόδα
577 1659 800 1696 accurrate
829 1652 1079 1711 respondet.
1156 1652 1218 1698 Ut
1246 1658 1390 1696 autem
1421 1652 1573 1696 literae
1605 1653 1692 1708 ,‚n“

236 1726 449 1769 iacturam
480 1731 798 1783 compensaret,
833 1725 1051 1770 Graecam
1081 1724 1276 1781 linguam
1306 1724 1416 1768 illud
1444 1741 1472 1767 α
1500 1724 1689 1783 primum
1717 1744 1721 1748 ·

236 1797 494 1856 productum
524 1811 735 1850 servasse,
768 1797 885 1854 quod
915 1804 1067 1855 postea
1095 1797 1301 1856 'paulatim
1330 1797 1375 1840 in
1398 1797 1693 1856 &correptum

237 1883 334 1913 esse
362 1873 546 1924 constat,
574 1868 699 1911 nobis
729 1884 807 1928 pro
839 1875 958 1913 certo
976 1868 1223 1913 habendum
1242 1876 1320 1913 est.
1352 1869 1556 1926 Accedit,
1573 1869 1691 1928 quod

243 1942 462 1985 Graecum
476 1957 504 1982 α
517 1947 609 1983 tum
620 1938 881 1984 sanskritico
892 1942 977 1995 „a“
986 1941 1235 1999 respondet,
1253 1957 1351 1985 cum
1372 1956 1425 1986 ex
1448 1942 1692 1998 antiquiore

236 2013 318 2069 „a“
350 2012 566 2070 originem
598 2012 775 2056 duxisse
805 2018 984 2066 constat,
1017 2013 1138 2057 cuius
1170 2013 1401 2072 productio
1421 2013 1592 2057 literam
1621 2029 1695 2057 na-

239 2085 371 2128 salem
402 2091 502 2142 post
528 2084 610 2139 „a“
644 2085 845 2129 amissam
879 2099 975 2129 esse
1007 2086 1132 2128 nobis
1176 2086 1378 2129 ostendit.
1446 2085 1639 2129 Literam
1666 2101 1696 2127 α

236 2162 381 2199 autem
407 2155 452 2197 in
483 2155 635 2211 lingua
654 2156 827 2201 Graeca
852 2156 1141 2200 firmissimam
1167 2157 1301 2200 fuisse
1331 2157 1461 2200 etiam
1489 2157 1587 2200 aliis
1619 2171 1695 2200 ex-

237 2227 391 2287 emplis
425 2227 624 2273 efficitur.
686 2227 761 2274 Sic
789 2221 960 2287 ἤνεγκα,
998 2226 1151 2284 ἔπεσα,
1197 2226 1302 2284 ἔσχα
1337 2229 1458 2273 iuxta
1501 2222 1694 2287 ἤνεγκον,

237 2298 413 2352 ἐθιέσον,
445 2298 573 2353 ἔσχον
601 2300 859 2355 invenimus,
886 2316 910 2344 e
941 2302 1097 2358 quibus
1126 2302 1276 2344 formis
1307 2302 1477 2344 literam
1496 2301 1694 2345 academ

236 2371 293 2425 vi,
334 2386 420 2428 qua
450 2387 513 2427 ον,
554 2370 794 2430 praeditam
826 2370 960 2415 fuisse
986 2371 1199 2429 colligere
1242 2372 1467 2417 debemus.
1542 2372 1695 2429 Itaque

235 2457 324 2486 non
349 2442 514 2497 dubito,
547 2444 652 2499 quin
680 2445 767 2487 huc
794 2444 1029 2487 referenda
1056 2445 1112 2487 sit
1142 2445 1282 2502 prima
1310 2459 1497 2501 persona
1529 2446 1693 2502 imper-

240 2515 342 2558 fecti
373 2515 498 2558 verbi
528 2509 652 2571 εἶναι,
682 2530 790 2572 quae
821 2522 908 2561 est:
949 2513 1022 2571 ἔας
1064 2530 1174 2572 quae
1203 2517 1342 2560 forma
1373 2531 1477 2559 cum
1500 2531 1557 2559 cx
1586 2513 1696 2571 ἐἀ(ν)

225 2584 463 2642 (hagam,
496 2601 584 2629 non
599 2586 726 2630 aliter
750 2593 879 2645 atque
910 2586 1053 2642 ἔδειξα
1083 2602 1139 2631 ex
1169 2586 1344 2643 ἓῖἳειξαμ
1375 2588 1449 2643 (cf.
1467 2588 1693 2631 skaadik-

236 2659 376 2713 sham)
407 2664 500 2702 orta
529 2658 598 2713 sit,
625 2665 755 2715 atque
783 2659 900 2702 idem
929 2660 1086 2715 valeat,
1103 2659 1219 2717 quod
1239 2656 1314 2703 ἐόν
1329 2660 1398 2714 (Λ
1412 2659 1506 2702 762.
1528 2659 1692 2716 Ψ643),

236 2729 292 2773 de
320 2744 404 2787 qua
435 2730 572 2775 forma
601 2729 797 2775 conferas
813 2730 1015 2775 Ahrens:
1049 2730 1343 2789 Conjugation
1371 2732 1450 2774 auf
1473 2730 1531 2774 mi
1561 2746 1605 2790 p.
1620 2731 1693 2786 30,
