1984 3332
944 162 996 205 91

254 298 350 327 cem
379 281 479 342 ἕτης
507 285 724 341 digammo
760 285 1021 328 instruamus
1060 284 1114 327 cf.
1153 284 1317 328 Hoffm.
1338 284 1385 327 Π
1428 300 1472 342 p.
1497 283 1565 326 38.
1623 282 1707 325 Ita·

254 371 340 412 que·
367 374 461 401 cum
493 356 646 414 ἕταρος
669 358 852 401 eandem
880 358 1072 415 stirpem,
1115 373 1240 415 quam
1269 358 1448 414 praebet
1477 353 1590 413 ἔτης,
1618 370 1696 398 am·

252 430 489 488 plectatur,
547 430 718 472 literam
759 430 1019 487 spirantem,
1063 443 1190 485 quam
1232 429 1278 471 in
1322 427 1476 484 ἕταρος
1520 427 1706 470 valuisse

252 516 381 560 supra
411 502 690 557 ostendimus,
721 502 939 557 digamma
969 500 1104 544 fuisse
1134 500 1325 544 die-amus
1356 514 1536 544 necesse
1566 505 1641 542 est.

381 575 473 617 Iam
503 581 649 628 restat,
681 580 729 616 ut
757 574 1008 630 priusquam
1038 587 1088 616 ea
1114 575 1331 631 exempla,
1364 574 1411 617 in
1432 574 1586 628 quibus
1607 587 1706 630 pro·

252 645 408 700 ductio,
435 660 544 702 quae
574 652 694 688 extat
723 645 768 688 in
796 660 973 687 caesura
1000 644 1318 702 semiquinaria,
1342 644 1480 688 literis
1506 642 1705 702 spiranti-

252 718 331 759 bus
358 733 386 759 ψ-
412 732 446 771 s,
465 717 484 773 j
517 716 727 773 explicari
758 731 846 758 non
876 723 1029 773 potest,
1071 731 1390 769 enumeremus,
1432 717 1487 757 de
1527 730 1708 757 caesura

251 789 551 831 semiternaria
578 788 698 832 brevi
724 803 915 845 agamus.
960 788 998 832 E
1028 802 1208 832 numero
1239 788 1557 846 exemplorum,
1590 800 1700 843 quae

254 865 358 902 sunt
388 859 687 915 undetriginta
716 859 793 915 (cf.
821 859 985 903 Hoffm.
1003 860 1026 901 I
1053 875 1096 917 p.
1116 859 1229 914 102),
1262 865 1445 916 quatuor
1478 873 1550 901 eas
1577 872 1706 900 voces

257 932 381 974 nobis
410 932 611 984 offerunt,
656 947 759 987 quas
786 932 913 975 litera
942 948 961 974 s
993 932 1230 987 antiquitus
1262 931 1492 974 instructas
1536 930 1701 988 produ-

253 1003 405 1059 ctioni,
435 1017 546 1059 quae
573 1003 802 1058 antecedit,
830 1003 988 1046 iustum
1019 1004 1133 1046 ferre
1161 1004 1370 1046 auxilium
1399 1018 1531 1061 supra
1559 1008 1705 1045 osten-

252 1075 392 1118 dimus
423 1075 477 1118 cf.
508 1079 548 1118 B
566 1076 658 1120 745.
678 1076 772 1119 822.
801 1081 842 1118 Z
851 1077 946 1119 366.
975 1079 1029 1118 H
1033 1076 1128 1119 416.
1157 1076 1314 1119 Sexies
1346 1076 1511 1133 spirans
1534 1076 1568 1130 j,
1595 1090 1705 1131 quae

251 1147 365 1191 inest
391 1148 638 1206 pronomini
667 1148 863 1202 relativo,
907 1149 1057 1204 eisque
1099 1148 1265 1203 formis,
1312 1162 1420 1206 quae
1459 1148 1512 1191 ab
1550 1146 1704 1190 eodem

253 1220 508 1277 pronomine
555 1220 816 1263 derivandae
864 1227 977 1275 sunt,
1024 1219 1168 1263 brevis
1209 1219 1406 1275 syllabae
1447 1220 1494 1261 in
1531 1219 1704 1261 literam

250 1306 486 1335 consonam
519 1292 758 1335 desinentis
786 1291 1115 1349 productionem
1144 1299 1335 1345 excusat,
1364 1292 1410 1334 id
1437 1291 1555 1348 quod
1587 1291 1704 1333 infra

250 1362 549 1418 ostendemus;
579 1363 665 1405 loci
693 1369 791 1406 sunt
821 1363 888 1407 hi:
916 1366 969 1405 A
988 1364 1082 1407 244.
1111 1367 1156 1406 Κ
1176 1365 1214 1407 7.
1244 1367 1283 1406 Σ
1293 1363 1389 1408 591.
1420 1363 1535 1406 Y45.
1577 1366 1627 1405 Χ
1636 1362 1703 1404 22-

250 1434 396 1477 9736.
426 1435 497 1476 Ad
527 1434 742 1491 digamma
772 1435 1045 1492 confugimus
1081 1436 1216 1478 4¹13?
1244 1436 1331 1487 (ubi
1361 1435 1548 1490 legimus
1576 1428 1703 1488 α’χνύ-

248 1520 378 1560 μενος
406 1505 605 1562 πέταρον)
641 1506 911 1563 eandemque
940 1507 1172 1565 spirantem
1201 1507 1330 1550 etiam
1362 1507 1459 1549 (128.

714 1577 758 1629 ἐς
785 1569 986 1633 ποταμὸν
1013 1576 1202 1622 εἰλεῦντο

250 1649 437 1692 valuisse
469 1649 590 1692 brevi
620 1648 909 1708 disputatione
941 1651 1180 1694 ostendam.
1209 1648 1346 1704 εἶλέω,
1388 1646 1491 1693 εἶ’λω
1520 1650 1702 1693 eandem

249 1721 443 1778 stirpem,
476 1735 585 1777 quae
619 1727 684 1763 est
713 1721 803 1776 sel,
837 1722 924 1764 skr.
955 1723 1099 1775 „var,“
1128 1722 1251 1764 nobis
1283 1722 1444 1765 offerre
1474 1722 1575 1765 satis
1602 1737 1699 1764 con·

250 1799 335 1835 stat
366 1793 422 1836 cf.
457 1792 578 1836 Curt.
609 1808 651 1851 Ρ.
668 1793 761 1837 483.

380 1863 581 1918 Accedit,
629 1871 677 1906 ut
706 1865 752 1906 in
781 1866 925 1908 tabula
954 1866 1243 1909 Heracleensi
1272 1868 1418 1924 priore
1460 1867 1704 1910 inveniatur

253 1937 391 1980 forma
421 1935 733 1993 §yfnhyffl'wvu
762 1937 788 1979 i.
816 1952 852 1982 e.
884 1937 1143 1995 ἒξειληθῶσι
1171 1939 1247 1994 (cf.
1279 1939 1547 1995 Savelsberg
1581 1940 1663 1982 Le.
1680 1940 1703 1981 I

249 2025 292 2066 p.
309 2010 368 2066 7),
400 2024 484 2065 qua
510 2010 680 2053 literam
704 2011 933 2053 Aeolicam
963 2012 1008 2055 in
1037 2013 1172 2054 verbo
1206 2019 1354 2056 nostro
1384 2012 1573 2055 valuisse
1600 2011 1702 2055 satis

249 2089 366 2126 certe
398 2083 597 2126 efficitur.
644 2082 796 2139 Itaque
828 2083 1058 2127 Bekkerus
1088 2084 1133 2127 in
1164 2085 1300 2128 altera
1325 2085 1584 2129 recensione
1616 2100 1704 2128 car-

248 2154 412 2197 minum
445 2154 781 2198 Homericorum
812 2156 971 2199 formas
999 2158 1052 2199 ab
1080 2155 1219 2206 εἰλέω,
1249 2155 1351 2201 εἷ’λω
1384 2157 1601 2200 derivatas
1631 2157 1700 2199 di-

247 2242 421 2285 gammo
438 2227 644 2272 instruxit
660 2228 905 2273 επειλέωσιν
920 2233 960 2273 Β
976 2230 1070 2274 294.
1102 2231 1396 2287 anons-schint
1416 2234 1462 2274 K
1471 2230 1564 2274 347.
1595 2229 1702 2274 ἐπεί-

247 2300 347 2343 λεον
376 2303 415 2342 Σ
424 2299 521 2343 447.
564 2301 783 2343 πειλεῢντο
822 2300 915 2344 Φ8.
958 2298 1207 2356 πείλόμενος
1244 2306 1283 2345 E
1295 2302 1389 2344 203.
1407 2302 1500 2346 782.
1552 2302 1700 2348 Θ215.

246 2374 391 2418 πέλσαι
422 2378 476 2417 Λ
487 2375 582 2419 409.
629 2379 670 2418 Φ
686 2377 780 2420 225.
826 2376 998 2420 ἐπέλσαι
1029 2376 1179 2431 Φ295,
1219 2376 1308 2428 (ubi
1335 2392 1356 2419 ε
1389 2376 1700 2434 prostheticum

249 2446 583 2490 existimandum
609 2454 687 2491 est.
718 2448 775 2492 cf.
801 2448 993 2491 Leskien
1023 2464 1064 2506 p.
1082 2449 1164 2500 31).
1196 2448 1417 2492 πέλσανΛ
1427 2449 1522 2492 413.
1556 2449 1701 2492 πεπελ-

245 2518 369 2573 μένοι
397 2520 525 2576 (quae
555 2520 694 2562 forma
726 2520 819 2562 loco
837 2520 1057 2575 ἐπελμένοι
1076 2522 1279 2564 Bekkero
1299 2520 1567 2564 restituenda
1585 2521 1697 2575 erat)

249 2592 307 2631 M
316 2589 383 2632 38.
412 2594 459 2633 N
468 2590 562 2633 524.
593 2594 632 2632 Σ
644 2590 739 2635 287.
764 2590 1011 2646 ,τεῐέλμεθα
1033 2592 1180 2634 Ω662.
1213 2590 1341 2648 ἑπάλη
1374 2596 1421 2635 Ν
1430 2592 1526 2635 408.
1556 2592 1697 2636 Υ168.

247 2661 341 2705 278.
387 2658 515 2704 .τάλεν
545 2680 597 2698 rr:
626 2660 815 2716 fo'cstrsoav
858 2667 906 2706 X
923 2664 987 2705 12.
1032 2664 1213 2719 focthac
1253 2667 1305 2706 Π
1318 2665 1410 2707 714.
1460 2661 1698 2720 ,παλήμεναι

251 2734 369 2778 Ρ76.
396 2734 540 2777 Σ286.
569 2737 607 2777 Ε
619 2734 713 2778 823.
742 2734 887 2787 παλείς
913 2739 965 2778 Π
975 2736 1072 2780 403.
1114 2739 1155 2778 Φ
1172 2736 1268 2778 571.
1307 2739 1356 2778 X
1362 2735 1456 2780 308
1502 2735 1702 2788 munes
