1984 3332
940 209 997 250 60

237 329 465 383 sententia,
510 344 637 387 quam
669 329 818 374 Sonne
846 328 904 371 K.
933 328 982 371 Z.
1011 328 1056 371 Χ
1096 343 1137 385 p.
1165 329 1247 371 366
1284 328 1337 371 de
1379 328 1547 383 origine
1575 330 1695 374 vocis

227 396 351 458 ’Ἡρη
379 400 573 459 protulit,
589 416 689 445 cum
705 398 829 457 ’Ἡρα
859 414 883 442 e
912 399 1045 456 ss'oqa
1071 399 1100 443 i.
1118 414 1155 443 e.
1181 400 1271 444 skr.
1299 401 1400 444 usra
1429 405 1570 443 ortum
1601 415 1696 445 esse

237 472 505 531 suspicetur3
552 486 662 528 quae
702 472 951 529 explicandi
988 472 1097 514 ratio
1137 471 1265 514 nimis
1297 471 1441 514 audax
1468 471 1573 513 mihi
1603 486 1696 515 esse

241 544 415 586 videtur
444 558 587 600 neque
618 544 802 587 eandem
831 543 1141 600 desideramus,
1173 559 1271 588 cum
1303 543 1529 598 derivatio,
1569 558 1694 599 quam

237 616 366 659 modo
395 616 669 673 protulimus,
699 616 836 658 multo
870 615 1107 673 simplicior
1136 616 1192 659 sit
1220 622 1347 672 atque
1379 621 1573 658 naturam
1591 615 1697 659 deae

237 688 383 732 Herae
418 688 548 744 plane
576 688 877 746 amplectatur.
921 685 1047 744 “an
1074 688 1201 731 litera
1236 688 1429 746 spiranti,
1464 703 1573 745 quae
1604 695 1696 731 erat

237 776 280 812 F,
312 759 573 802 instructum
599 759 746 814 fuisse,
773 759 902 802 etiam
933 759 1051 801 aliud
1081 765 1383 816 argumentum
1399 760 1696 807 demonstrare

238 831 346 873 mihi
374 831 560 874 videtur.
620 831 803 875 Constat
831 831 961 886 enim,
993 846 1153 875 nomen
1180 828 1401 888 εΗρακλῆς
1431 832 1485 874 ad
1513 832 1696 874 eandem

238 901 420 959 stirpem
442 902 678 958 pertinere,
702 917 810 959 quae
838 904 917 946 sub
935 900 1055 958 ‘'an
1086 909 1151 945 est
1183 903 1353 945 occulta
1383 902 1433 945 cf.
1451 903 1502 946 L.
1521 902 1696 958 Meyer:

239 972 479 1028 Bemerkg.
514 979 594 1016 etc.
622 989 666 1031 p.
685 973 752 1016 29.
818 974 929 1017 Voci
953 974 1158 1030 Ηρακλῆς
1187 974 1232 1016 in
1260 974 1411 1029 lingua
1442 973 1696 1016 sanskritica
1748 964 1754 969 ’

236 1044 523 1102 responderet
552 1045 706 1101 forma,
749 1060 878 1101 quam
909 1045 1136 1102 quominus
1165 1050 1402 1088 statuamus
1432 1045 1541 1088 nihil
1572 1043 1694 1088 nobis

238 1122 361 1159 extat
405 1115 730 1175 impedimenti:
781 1117 1105 1172 „svavaeraraffl
1148 1117 1174 1159 i.
1212 1132 1249 1160 e.
1293 1116 1551 1173 splendoris,
1594 1116 1697 1159 solis

238 1187 423 1243 gloriam
450 1188 638 1242 habens;
667 1187 896 1243 gram-og
925 1189 995 1243 (st.
1027 1188 1188 1244 nasses,
1216 1188 1353 1244 κλεες)
1374 1208 1412 1222 =
1431 1189 1519 1230 skr.
1550 1202 1697 1242 cravas

238 1259 349 1301 nihil
378 1260 494 1301 aliud
523 1259 773 1301 describere
804 1261 908 1312 vult,
937 1266 1065 1316 atque
1096 1260 1281 1302 eandem
1306 1274 1414 1313 rem,
1433 1273 1542 1314 quae
1566 1273 1696 1315 saepe

240 1329 500 1387 exprimitur
530 1329 722 1388 epitheto
754 1326 921 1385 κλυτός,
951 1330 1131 1373 deorum
1164 1336 1207 1373 et
1239 1330 1419 1373 heroum
1451 1329 1696 1373 nominibus

239 1400 409 1454 addit03
458 1407 588 1457 atque
631 1401 714 1443 hoc
754 1416 914 1443 nomen
962 1401 1149 1444 maxime
1179 1415 1272 1443 esse
1306 1408 1452 1459 aptum
1482 1401 1536 1443 ad
1566 1401 1696 1444 deum

241 1472 345 1516 solis
376 1471 711 1516 describendum
753 1488 841 1515 non
870 1479 948 1527 est,
988 1473 1060 1528 qui
1086 1479 1232 1530 neget.
1299 1474 1372 1517 Ab
1413 1474 1495 1516 hoc
1523 1472 1696 1518 Graeco

239 1543 413 1586 nomine
443 1558 531 1586 non
560 1544 847 1601 separandum
891 1558 986 1587 esse
1006 1545 1199 1606 ⁴latinum
1239 1544 1521 1600 „Hercules,“
1569 1560 1696 1602 quam

240 1630 392 1658 vocem
425 1616 690 1659 Mommsen:
720 1617 1102 1661 Unterital.Diall.
1139 1632 1181 1673 p.
1203 1617 1285 1659 ‘262
1314 1618 1367 1659 ab
1397 1617 1697 1670 „hercere“=

240 1685 394 1743 ἕρκειν,
425 1693 544 1730 certo
574 1687 856 1731 fundamento
892 1703 979 1731 non
1012 1703 1129 1744 usus,
1151 1687 1430 1731 derivandam
1452 1701 1546 1731 esse
1562 1693 1698 1745 putat,

242 1760 405 1816 optime
438 1760 751 1801 demonstravit
785 1760 1075 1803 Grassmann:
1103 1760 1161 1802 Κ.
1186 1760 1235 1803 Z.
1251 1760 1363 1802 XVI
1388 1775 1429 1816 p.
1448 1760 1538 1802 104.
1569 1759 1697 1811 Quod

243 1831 396 1873 attinet
423 1830 475 1872 ad
508 1830 679 1872 literam
715 1831 928 1884 labialem,
948 1845 1031 1886 qua
1050 1827 1319 1888 „‘HanHsg“
1341 1831 1427 1873 fuit-
1441 1831 1698 1889 praeditum,

241 1900 358 1958 apud
388 1901 627 1944 Homerum
659 1901 766 1944 haec
795 1901 921 1944 litera
952 1902 1135 1945 Aeolica
1175 1917 1261 1944 uno
1304 1902 1402 1945 loco
1446 1902 1695 1960 productio·

243 1987 342 2015 nem
371 1973 515 2015 brevis
544 1974 741 2028 syllabae
772 1973 815 2015 in
846 1974 1016 2016 literam
1048 1989 1281 2017 consonam
1324 1974 1560 2017 desinentis
1591 1974 1694 2016 effe-

246 2031 357 2088 cisse
388 2044 575 2088 videtur.
626 2046 680 2088 cf.
717 2046 868 2089 Y145:

464 2118 607 2169 τεῖχος
637 2116 681 2167 ἐς
707 2111 951 2174 οἷμφίχυτόν
979 2117 1226 2173 ,τηρακλῆος
1253 2116 1415 2160 θείοιο.

376 2186 551 2242 Longas
579 2188 754 2231 vocales
786 2189 892 2231 arsis
922 2189 1066 2232 locum
1100 2188 1346 2232 obtinentes
1366 2193 1463 2231 ante
1476 2185 1697 2246 ςΗρακλῆς

243 2258 478 2316 productas
507 2258 597 2299 vidi
626 2262 666 2300 B
684 2259 779 2301 658.
798 2260 890 2301 679.
919 2262 971 2300 A
986 2259 1083 2301 690.
1116 2259 1234 2302 025.
1250 2259 1345 2300 640.
1374 2262 1413 2300 Σ
1428 2259 1520 2300 117.

377 2331 476 2385 Qua
502 2344 559 2373 ex
586 2345 634 2373 rc
666 2330 860 2373 videmus
890 2348 918 2373 J·-
949 2331 1069 2375 vocis
1082 2328 1321 2387 ζΗρακλῆς,
1354 2330 1470 2386 quod
1498 2330 1543 2373 in
1558 2330 1696 2374 Iliade

243 2401 502 2459 paucissima
533 2401 718 2457 vestigia
761 2401 956 2458 reliquit,
998 2402 1083 2444 iam
1112 2401 1296 2443 Homeri
1340 2402 1609 2458 temporibus
1652 2402 1696 2445 in

244 2486 295 2514 eo
326 2472 474 2526 fuisse,
519 2478 568 2514 ut
594 2473 819 2529 paullatim
865 2487 888 2515 e
930 2473 1108 2527 linguae
1153 2472 1359 2515 memoria
1403 2481 1696 2519 evanesceret.

241 2543 337 2588 Iam
368 2542 423 2585 ad
453 2557 605 2586 vocem
626 2539 748 2599 ‘'Hpvy
788 2544 977 2585 reversis
1020 2542 1145 2585 nobis
1191 2543 1462 2587 statuendum
1508 2550 1586 2598 est,
1634 2545 1696 2588 eis

244 2614 368 2669 locis,
414 2615 569 2670 quibus
600 2621 718 2657 extat
747 2614 887 2657 hiatus
917 2614 1116 2658 illicitus:
1159 2611 1316 2658 πότνια
1332 2612 1468 2672 ”Ἠρη,
1510 2616 1696 2659 valuisse

243 2686 478 2743 digamma,
504 2686 619 2743 quod
652 2693 693 2730 et
725 2686 975 2745 linguarum
1006 2686 1328 2746 comparatione
1360 2693 1403 2730 et
1428 2687 1696 2744 argumentis

242 2774 298 2802 ex
340 2759 434 2816 ipsa
477 2759 745 2802 Graecorum
789 2758 941 2813 lingua
980 2759 1177 2816 repetitis
1220 2760 1323 2802 satis
1362 2765 1427 2802 est
1466 2759 1694 2802 firmatum.
