1984 3332
938 206 990 248 41

368 327 636 385 Linguarum
656 335 933 385 cognatarum
952 328 989 371 si
1015 327 1227 370 rationem
1246 325 1465 376 habemus,
1489 321 1575 377 ἔχω
1592 338 1690 367 ean-

240 399 340 444 dem
369 400 559 444 radicem
592 416 696 459 prae
712 416 758 444 se
782 401 913 454 ferre,
933 415 1044 458 quae
1064 400 1170 443 latet
1189 398 1269 441 sub
1287 398 1375 440 skr.
1391 396 1528 440 verbo
1545 395 1691 450 „sah“,

237 472 324 516 iam
355 472 428 515 diu
458 479 625 518 constat
656 473 708 516 cf.
740 473 860 517 Ourt.
884 489 925 530 p.
944 473 1037 515 176.
1068 471 1217 514 Nihilo
1248 470 1389 513 minus
1419 469 1689 524 Savelsberg

238 544 267 587 l.
283 559 319 588 c.
337 559 423 601 prs.
442 545 463 586 I
480 559 521 601 p.
541 544 595 585 10
609 545 740 586 Anm.
758 544 785 585 2
802 545 858 586 cf.
876 558 962 600 prs.
977 543 1022 585 Π
1037 558 1078 600 p.
1095 543 1146 585 18
1177 545 1250 595 (cf.
1274 542 1426 585 Peters
1444 541 1473 583 l.
1490 556 1527 583 c.
1558 555 1601 597 p.
1619 539 1690 591 12)

237 615 456 672 digamma
483 615 618 658 verbo
649 619 795 657 nostro
826 613 1018 656 tribuere
1046 620 1241 669 conatur,
1294 629 1390 657 cum
1421 612 1476 655 ad
1506 612 1687 655 verbum

237 686 537 728 sanskriticum
553 686 688 740 „vah“
701 686 793 740 (lat.
809 685 987 739 vehere)
1006 685 1239 740 confugiat,
1263 685 1494 742 praecipue
1514 683 1690 725 nomine

236 773 381 811 ,ι-εχιας
407 764 661 812 commotus,
692 756 808 812 quod
838 757 884 800 in
913 756 1199 814 inscriptione
1230 770 1368 814 prope
1383 755 1595 812 Thespias
1626 770 1684 798 re·

236 835 361 885 perta
390 829 551 886 legitur
581 830 829 885 (Rangabez
860 829 964 871 Ant.
997 828 1102 871 hell.
1121 828 1146 870 I
1178 828 1348 882 n.327).
1424 827 1516 871 Sed
1544 827 1621 869 ille
1649 842 1689 870 v.

238 900 279 943 d.
309 900 414 942 mihi
444 901 704 958 persuadere
737 916 825 944 non
855 905 1011 958 potest,
1061 914 1107 942 se
1145 907 1310 942 rectam
1347 900 1461 942 viam
1502 913 1595 942 esse
1622 899 1692 941 in-

239 986 453 1029 gressum,
480 987 579 1015 cum
611 989 633 1024 ς
671 972 716 1015 in
745 970 871 1027 ἔσχον
905 972 950 1028 (i.
979 986 1015 1014 e.
1047 970 1214 1028 ἔσεχον)
1245 978 1287 1014 et
1314 972 1357 1014 in
1389 968 1537 1028 σχήσω
1569 985 1593 1014 θ
1627 970 1689 1013 di-

235 1057 408 1100 gammo
439 1049 579 1086 ortum
612 1058 706 1087 esse
739 1044 1035 1088 demonstrare
1067 1058 1156 1086 non
1187 1043 1342 1101 possit3
1365 1099 1368 1102 .
1391 1044 1506 1101 quod
1536 1043 1572 1085 si
1602 1057 1690 1085 non

238 1114 300 1169 fit,
334 1115 514 1157 verbum
542 1116 628 1158 skr.
660 1115 788 1170 „sah“
822 1115 1004 1158 eandem
1026 1114 1215 1157 radicem
1236 1128 1341 1171 prae
1369 1128 1414 1156 se
1434 1115 1564 1162 ferre,
1582 1127 1690 1170 quae

237 1186 350 1230 inest
370 1188 506 1231 verbo
537 1184 666 1242 ,,ἔχω,
700 1187 846 1231 dicere
877 1203 965 1231 non
1001 1186 1164 1231 dubito.
1192 1187 1344 1244 Itaque
1373 1187 1553 1230 verbum
1581 1182 1690 1239 ἴσχω

238 1273 326 1301 non
343 1258 537 1313 es-tse'xw
554 1260 629 1302 sed
660 1274 683 1302 e
711 1259 867 1313 σισέχω
898 1265 1041 1302 ortum
1073 1274 1167 1302 esse
1195 1259 1300 1301 mihi
1328 1274 1582 1316 persuasum
1612 1265 1690 1302 est.

369 1333 464 1374 Iam
495 1332 531 1373 si
562 1347 767 1387 magnum
797 1347 1027 1374 numerum
1068 1347 1215 1374 eorum
1255 1332 1450 1373 locorum
1489 1330 1692 1373 conside-

238 1417 397 1455 ramus,
428 1403 506 1447 ubi
530 1410 631 1446 ante
662 1401 747 1457 ἔχω
778 1405 932 1446 breves
959 1404 1154 1459 syllabae
1184 1404 1228 1446 in
1263 1404 1432 1446 literam
1452 1417 1689 1446 consonam

242 1474 506 1529 desinentes,
535 1475 850 1532 producuntur,
889 1475 965 1518 has
994 1475 1303 1532 productiones
1331 1491 1419 1518 non
1453 1476 1566 1518 forte
1595 1488 1691 1518 esse

241 1546 420 1589 effectas
449 1547 525 1588 sed
555 1560 578 1588 e
608 1546 801 1588 firmiore
833 1553 1001 1600 natura,
1035 1561 1144 1604 quae
1173 1547 1338 1605 primae
1360 1548 1554 1604 syllabae
1573 1546 1691 1589 vocis

242 1614 329 1671 ἔχω
356 1616 511 1672 inerat,
557 1617 770 1675 originem
798 1617 974 1660 duxisse
1012 1617 1203 1660 dicamus
1235 1632 1413 1661 necesse
1442 1624 1522 1673 est,
1568 1631 1690 1676 prae·

238 1689 385 1732 sertim
418 1704 513 1732 cum
545 1689 745 1748 spiritum
777 1690 918 1732 lenem
947 1690 1065 1732 vices
1098 1690 1300 1747 spirantis
1331 1690 1481 1733 literae
1503 1706 1522 1732 s
1543 1704 1688 1732 susce-

237 1761 351 1818 pisse
380 1761 831 1805 demonstraverimus,
868 1762 1072 1806 Fortasse
1104 1762 1211 1805 haec
1235 1763 1438 1820 exempla
1458 1762 1691 1804 referenda

195 1843 197 1845 '
242 1840 340 1876 sunt
368 1833 424 1875 ad
441 1834 657 1889 antiquam
692 1835 863 1877 dicendi
893 1835 1138 1889 formulam,
1169 1849 1277 1890 quae
1304 1850 1399 1877 cum
1430 1849 1487 1876 ex
1515 1834 1692 1876 anteho-

239 1905 400 1947 merica
428 1905 547 1962 poesi
577 1904 622 1947 in
656 1906 844 1948 carmina
873 1905 1110 1948 Homerica
1139 1905 1356 1961 transiret,
1399 1920 1449 1948 eo
1494 1912 1690 1964 tempore

240 1984 334 2020 orta
350 1983 453 2030 erat,
476 1992 559 2035 quo
585 1979 711 2021 litera
728 1979 896 2036 spirans
916 1994 936 2020 s
970 1976 1087 2021 vocis
1116 1978 1283 2021 initium
1304 1979 1538 2022 obtinebat.
1567 1977 1690 2021 Idem

240 2049 378 2093 sentio
409 2049 464 2093 de
495 2050 649 2102 9544,
679 2050 753 2093 ubi
782 2051 989 2107 legimus:

503 2119 638 2166 ὅσσον
665 2123 842 2177 Λέσβος
869 2117 974 2175 ἅνω,
1002 2120 1215 2177 Μάκαρός
1245 2121 1355 2174 ἕδος.

239 2207 323 2249 quo
370 2194 465 2236 loco
509 2194 729 2237 duriorem
770 2195 1103 2252 productionem
1148 2194 1363 2237 contineri
1400 2193 1690 2237 Hoffmannus

239 2265 367 2309 docet
392 2266 421 2308 l.
451 2281 485 2308 c.
514 2282 555 2323 p.
578 2266 671 2309 104.
710 2268 765 2310 In
792 2280 896 2309 voce
924 2265 1023 2318 ἕδος
1052 2267 1250 2323 spiritum
1278 2281 1479 2324 asperum
1511 2279 1690 2310 munere

240 2336 392 2382 literae
423 2355 442 2382 s
470 2338 609 2394 fungi,
642 2339 726 2382 iam
755 2346 1014 2395 argumento
1045 2355 1103 2383 ex
1130 2340 1222 2398 ipsa
1240 2340 1509 2384 Graecorum
1540 2338 1691 2394 lingua

238 2410 423 2467 repetito
455 2410 662 2453 firmatur.
715 2409 826 2454 Cum
855 2411 969 2454 enim
999 2411 1126 2454 radix
1156 2412 1277 2454 vocis
1306 2410 1405 2463 ἕδος
1434 2411 1585 2453 eadem
1621 2411 1690 2465 sit,

241 2497 349 2539 quae
361 2482 615 2526 sanskritieo
632 2484 766 2526 verbo
784 2484 912 2539 „sad“
938 2484 1186 2528 continetur
1216 2484 1271 2527 cf.
1296 2484 1414 2528 Cur-t.
1433 2499 1474 2542 p.
1490 2484 1584 2534 216,
1612 2483 1688 2526 mi-

240 2554 325 2598 rari
352 2569 437 2598 non
464 2554 684 2609 debemus,
714 2555 829 2612 quod
862 2556 1032 2600 literam
1063 2573 1083 2600 s
1113 2557 1242 2600 etiam
1271 2557 1315 2599 in
1334 2557 1507 2601 Graeca
1538 2556 1686 2613 lingua

240 2633 451 2668 servatam
480 2627 721 2669 invenimus
750 2628 795 2670 in
829 2629 968 2671 forma
999 2629 1115 2681 σέδα,
1133 2644 1260 2684 quam
1277 2629 1332 2671 ad
1348 2629 1537 2671 radicem
1556 2627 1687 2682 „sad“

240 2697 460 2754 pertinere
492 2698 592 2740 satis
622 2705 804 2743 constat.
871 2700 1117 2755 Hesychius
1161 2700 1277 2743 enim
1310 2699 1442 2742 tradit
1468 2699 1596 2750 σε’δας
1620 2715 1688 2741 κα-

244 2768 420 2825 θέδρας.
480 2770 573 2813 Iam
607 2786 705 2814 cum
732 2771 781 2813 in
811 2771 983 2816 Graeca
1011 2772 1162 2827 lingua
1209 2772 1458 2829 exemplum
1495 2771 1688 2814 invenia-
