1984 3332
941 185 991 226 17

237 319 348 362 quae
374 312 440 349 est
466 306 641 361 radicis,
668 306 950 359 amitteretur,
981 319 1004 347 e
1034 304 1278 359 περίασθαι
1309 305 1579 348 debilitatum
1596 317 1690 346 esse

238 376 353 419 idem
383 376 556 433 Benfey
574 377 657 419 l.e.
680 392 721 434 p.
742 376 793 418 19
827 374 1030 419 ostendit.
1098 374 1193 425 ¹Iam
1224 390 1322 417 cum
1353 373 1693 428 meminerimus,

236 462 388 505 regem
420 449 491 491 Ilii
520 447 860 490 Laomedontem
890 447 1097 504 Neptuno
1138 453 1182 489 et
1211 446 1410 503 Apollini
1441 445 1690 488 mercedem

236 521 497 579 propositam
527 535 616 562 non
645 518 833 573 dedisse,
861 520 915 562 ab
932 518 1173 576 eodemque
1192 533 1301 574 rege
1318 518 1555 561 Heraclem
1574 516 1692 560 Iovis

237 593 358 651 equis
386 591 685 635 defraudatum
718 605 826 645 esse,
863 590 1022 633 deinde
1056 606 1154 634 cum
1187 590 1529 645 consideremus,
1572 589 1692 632 Pari-

237 665 348 720 dem,
391 665 525 708 filium
566 663 727 706 Priami
772 670 815 705 et
855 662 1162 705 Laomedontis
1203 669 1422 721 nepotem,
1462 662 1694 716 Helenam,

239 751 364 794 quam
396 736 520 778 deam
549 736 659 778 lueis
705 749 799 778 esse
845 741 996 792 postea
1033 734 1436 789 demonstrabimus,
1481 739 1607 791 raptu
1646 733 1693 775 in

244 824 363 851 suam
392 814 652 864 potestatem
684 805 923 863 redegisse,
945 806 1131 863 denique
1152 822 1249 849 cum
1266 806 1458 860 „fihoff
1473 824 1526 843 =
1547 804 1692 871 „vi-1&

239 899 399 941 arcem,
441 885 515 927 ubi
543 885 621 926 lux
652 884 821 927 occulta
867 890 1055 939 tenetur,
1100 898 1195 926 esse
1241 883 1365 926 nobis
1406 884 1452 924 in
1502 883 1692 926 animum

234 971 514 1011 revocemus3
573 971 661 999 non
707 958 853 999 facere
902 971 1141 1011 possumus,
1189 956 1293 1012 quin
1338 955 1692 1010 Laomedontem,

238 1028 471 1083 Priamum,
515 1027 717 1071 Paridem
756 1028 800 1070 in
832 1027 1104 1073 Graecorum
1143 1027 1334 1070 carmine
1364 1027 1488 1086 epico
1520 1027 1691 1070 vedico·

235 1116 329 1143 rum
372 1101 642 1155 daemonum,
686 1101 757 1157 qui
804 1101 1081 1143 nominantur
1125 1102 1368 1157 „panayas“
1414 1107 1458 1142 et
1497 1099 1690 1154 „dasasf‘

237 1179 381 1231 partes
411 1173 652 1230 suscepisse
684 1171 889 1216 dicamus.
936 1172 1057 1215 Idem
1088 1186 1182 1215 esse
1214 1187 1381 1227 munus,
1413 1187 1497 1230 quo
1525 1172 1570 1214 hi
1601 1178 1692 1215 tres

237 1259 366 1300 reges
397 1245 440 1285 in
473 1245 641 1287 Graeca
672 1244 943 1300 mythologia
972 1245 1229 1299 funguntur,
1274 1245 1357 1285 iam
1401 1258 1451 1286 ea
1477 1259 1525 1286 re
1556 1244 1691 1286 effici-

241 1321 323 1370 tur,
368 1315 479 1372 quod
524 1329 597 1356 eos
638 1315 789 1357 intima
835 1314 1156 1371 propinquitate
1199 1315 1313 1356 inter
1353 1329 1399 1356 se
1442 1314 1692 1357 coniunctos

236 1386 412 1441 -mythus
445 1386 665 1429 describit.
721 1386 913 1427 Primum
947 1386 1200 1427 accedamus
1228 1386 1282 1427 ad
1313 1386 1491 1427 nomina
1522 1385 1690 1440 „Hela-

238 1473 321 1512 μσς
351 1464 393 1500 et
421 1454 588 1513 Πάρις“
623 1457 896 1515 explicanda.
944 1456 1056 1501 Cum
1085 1463 1316 1515 utrumque
1348 1471 1510 1500 nomen
1541 1457 1596 1499 ad
1626 1473 1691 1500 ra-

238 1529 379 1570 dicem
396 1529 697 1570 sanskriticam
717 1531 861 1586 „parf
881 1544 1007 1586 quam
1024 1528 1152 1570 etiam
1172 1530 1250 1571 sub
1271 1529 1420 1585 „pani“
1436 1529 1574 1570 latere
1588 1544 1691 1571 con·

243 1606 340 1653 stat,
373 1600 649 1643 referendum
680 1614 773 1643 esse
803 1600 1034 1643 ostendere
1066 1600 1241 1658 possim,
1274 1615 1363 1641 non
1393 1600 1559 1654 dubito,
1586 1601 1690 1658 quin

238 1671 370 1726 notio,
416 1685 523 1727 quae
552 1672 644 1714 voci
688 1671 840 1729 „pani“
870 1671 995 1727 inest,
1025 1672 1151 1714 etiam
1189 1672 1267 1714 sub
1297 1671 1362 1714 his
1394 1671 1577 1716 Graecis
1609 1687 1685 1715 no-

237 1743 424 1785 minibus
453 1744 623 1785 occulta
656 1744 723 1786 sit.
800 1743 858 1788 Ut
886 1742 1062 1798 πριάται
1106 1758 1185 1799 pro
1229 1743 1453 1799 περ-ίαται
1496 1744 1568 1799 (cf.
1601 1745 1689 1787 skr.

237 1814 407 1872 priyate
440 1829 517 1872 pro
546 1816 762 1871 partydte)
805 1814 891 1857 dici
931 1831 1061 1873 supra
1098 1814 1410 1871 intelleximus,
1454 1816 1513 1858 ita
1559 1816 1689 1859 etiam

237 1885 438 1941 Πρίαμος
475 1887 592 1928 vices
638 1887 800 1928 formae
833 1891 1098 1942 Περ-ι-αμος
1140 1888 1328 1941 gessisse
1356 1889 1540 1930 Aeolico
1573 1889 1691 1944 Πέρ-

238 1972 378 2012 ραμος
423 1957 497 2012 (cf.
529 1957 713 2002 Christ.:
746 1958 825 2003 Gr.
855 1958 1035 2001 Ltlehre
1064 1974 1105 2016 p.
1133 1958 1204 2014 72)
1251 1959 1354 2002 satis
1401 1965 1520 2002 certe
1563 1960 1693 2004 effici·

235 2038 318 2074 tur.
378 2032 642 2075 Terminatio
691 2049 801 2086 αμος
845 2033 994 2076 eadem
1029 2039 1108 2087 est,
1154 2049 1280 2090 quam
1328 2035 1412 2076 iam
1447 2035 1692 2078 invenimus

235 2104 281 2146 in
316 2104 496 2147 vocibus
528 2104 764 2161 Πέργαμος
808 2110 937 2162 atque
968 2102 1203 2161 Δάρδανος.
1279 2106 1574 2159 Quamobrem
1618 2107 1694 2151 illa

240 2176 521 2232 etymologia,
564 2192 670 2234 quae
714 2177 759 2219 in
799 2192 873 2220 ore
912 2178 1062 2235 populi
1107 2185 1278 2221 versata
1319 2179 1692 2235 (Volksetymolo—

236 2249 308 2304 gie
322 2251 350 2301 l)
408 2248 626 2293 Priamum
668 2266 691 2292 a
732 2251 866 2294 verbo
908 2250 1127 2306 πρίασθαι
1177 2252 1236 2293 ita
1270 2266 1425 2294 nomen
1473 2252 1691 2311 accepisse

238 2322 396 2375 Statuit,
439 2328 485 2363 ut
525 2329 623 2379 post
655 2323 784 2365 Ilium
825 2325 878 2366 ab
909 2322 1100 2365 Heracle
1132 2324 1319 2366 deletum
1353 2339 1476 2367 soror
1503 2324 1691 2368 Hesione

240 2393 415 2434 fratrem
435 2392 644 2435 Priamum
680 2409 702 2436 e
732 2395 938 2437 servitute
969 2395 1207 2437 redemisse
1241 2395 1421 2449 dicatur,
1449 2395 1691 2438 deserenda

241 2470 305 2507 est
332 2464 405 2518 (ef.
438 2465 622 2507 Preller.
654 2465 712 2518 II,
742 2465 856 2519 236).
927 2467 1154 2521 Videmus,
1198 2468 1310 2509 hane
1355 2467 1546 2509 fabulam
1591 2468 1690 2509 ideo

239 2536 380 2579 fictam
424 2550 530 2592 esse,
576 2543 624 2579 ut
666 2537 828 2580 nomini
870 2538 1070 2594 Πρίαμος
1115 2539 1409 2595 etymologica
1454 2538 1690 2597 explicatio

238 2609 480 2652 afferretur.
534 2608 581 2653 Si
614 2624 772 2652 nomen
805 2607 997 2665 „qucff
1028 2611 1297 2669 respicimuS,
1325 2612 1409 2653 iam
1431 2612 1487 2654 M.
1505 2611 1689 2655 Miiller:

239 2682 476 2738 Vorlesgg.
505 2682 574 2724 iib.
608 2680 648 2725 d.
676 2681 988 2725 Wissenschft.
1018 2682 1058 2725 d.
1090 2682 1286 2741 Sprache
1317 2684 1379 2727 Π.
1393 2683 1489 2727 Ser.
1532 2698 1574 2741 p.
1595 2684 1689 2728 436.

238 2754 478 2812 suspicatus
510 2760 587 2806 est,
619 2750 758 2810 Πάρις
786 2755 969 2797 eandem
1001 2770 1095 2798 esse
1128 2771 1295 2811 vocem,
1322 2772 1370 2798 ac
1403 2758 1598 2815 „panis;“
1630 2757 1689 2799 di·
