1984 3332
964 223 1018 266 62

264 345 310 389 in
338 363 435 403 usu,
463 353 511 390 ut
543 347 715 390 literam
748 348 985 405 spirantem
1011 362 1098 390 non
1126 362 1151 389 a
1168 362 1214 389 se
1233 347 1420 389 alienam
1438 348 1720 404 praeberent3

265 420 344 464 sed
372 420 457 463 iam
488 419 673 463 Homeri
703 420 973 478 temporibus
1002 420 1089 462 vim
1121 419 1273 463 literae
1303 419 1505 477 spirantis
1537 419 1582 461 in
1610 433 1720 463 voce

262 498 412 535 nostra
437 492 483 534 in
511 506 563 533 eo
597 492 747 545 fuisse,
778 500 827 534 ut
859 500 902 535 et
934 493 1082 535 valere
1113 499 1155 535 et
1184 508 1264 551 pro
1293 493 1428 535 nihilo
1455 493 1605 536 haberi
1620 507 1719 550 pos·

263 570 344 618 set,
376 563 604 621 exemplis,
634 579 744 620 quae
776 563 906 607 modo
939 564 1077 620 attuli,
1110 564 1213 608 satis
1247 570 1365 608 certe
1398 563 1599 610 efficitur.
1646 563 1718 606 Li-

262 642 357 695 tera
385 636 563 677 initialis
595 650 707 691 quae
737 637 869 679 fuerit
897 638 942 680 in
971 652 1075 680 voce
1098 630 1209 694 3Ith⁷
1239 638 1274 679 si
1303 638 1561 695 quaerimus,
1588 636 1718 679 Hoff-

262 722 445 750 mannus
476 706 522 762 (l.
553 723 589 749 c.
622 707 673 749 II
703 723 744 764 p.
764 707 821 749 40
836 710 898 762 ss)
932 715 975 750 et
1005 709 1231 752 Bekkerus
1269 709 1316 751 in
1359 708 1496 751 altera
1535 706 1719 751 Homeri

261 778 517 822 recensione
546 795 574 820 ,τ
604 777 700 821 voci
730 785 904 822 nostrae
934 779 1170 835 vindicant,
1200 781 1317 836 quod
1343 780 1636 823 Hoffmannus
1665 793 1717 821 eo

261 852 435 894 firmare
469 857 664 906 conatur,
696 850 811 908 quod
843 853 923 895 sub
950 843 1048 908 ’[ρις
1076 852 1258 896 eandem
1287 852 1482 910 stirpem,
1514 866 1623 909 quae
1654 851 1718 895 la-

261 924 352 967 tina
399 938 507 967 voce
556 922 760 979 „viridis“
806 924 1067 979 continetur,
1109 925 1245 967 latere
1293 924 1440 967 docet!
1515 923 1608 967 Alii
1636 923 1718 964 viri

262 995 394 1049 docti,
430 996 504 1051 qui
533 997 588 1037 ad
616 991 737 1049 εἴρω,
756 995 863 1050 ἐρέω
882 997 1141 1050 confugiunt
1168 998 1243 1050 (cf.
1259 997 1447 1038 Preller:
1481 996 1559 1039 Gr.
1577 995 1715 1049 Myth.

262 1067 286 1109 Ι
316 1082 358 1124 p.
375 1068 459 1109 390
488 1067 621 1109 Anm.
640 1067 702 1121 2),
736 1074 784 1108 ut
821 1067 923 1109 huic
955 1066 1120 1109 nomini
1149 1073 1312 1109 rectam
1342 1066 1525 1109 afferant
1552 1072 1717 1122 etymo-

260 1137 449 1192 logicam
483 1139 834 1195 explicationem,
864 1140 967 1180 mihi
983 1140 1244 1195 persuadere
1263 1154 1351 1181 non
1366 1144 1561 1196 possunt,
1578 1138 1712 1191 illam,

262 1223 391 1265 quam
422 1209 608 1265 ingressi
639 1215 752 1262 sunt,
795 1209 908 1251 viam
945 1210 1106 1267 optime
1148 1223 1242 1252 csse
1284 1210 1506 1253 munitam.
1583 1209 1715 1263 Quod
1756 1222 1761 1226 ”

261 1281 375 1324 enim
408 1281 570 1326 Graeci
602 1281 744 1335 deam,
771 1287 881 1336 qu'ae
913 1281 1160 1325 nominatur
1185 1282 1280 1336 Iris,
1307 1281 1500 1323 nuntiam
1533 1281 1715 1323 deorum

258 1353 393 1395 fuisse
425 1352 571 1395 dicere
601 1353 814 1407 solebant,
846 1353 930 1395 hoc
959 1367 1139 1395 munere
1167 1367 1255 1395 non
1286 1367 1435 1395 veram
1467 1359 1597 1409 atque
1624 1353 1713 1410 pri-

257 1425 450 1467 mitivam
483 1425 590 1466 deae
607 1425 738 1466 Iridis
766 1430 961 1466 naturam
991 1424 1217 1480 contineri,
1241 1424 1486 1481 quicunque
1504 1424 1549 1468 in
1579 1425 1713 1469 rebus

257 1495 571 1552 mythologicis
601 1496 865 1552 populorum
894 1494 1003 1537 Indo
1020 1520 1035 1527 -
1056 1495 1376 1539 Germanorum
1408 1496 1710 1538 examinandis

255 1573 468 1621 versatur,
499 1568 722 1609 concedet.
792 1566 1004 1609 Naturam
1033 1573 1176 1609 autem
1205 1566 1465 1625 primitivam
1494 1567 1601 1610 deae
1630 1567 1711 1610 Iri-

256 1639 323 1681 dis
352 1639 431 1681 sub
460 1653 563 1680 arcu
594 1637 776 1680 coelesti
803 1637 955 1693 latere,
995 1638 1064 1679 cui
1099 1638 1382 1681 describendo
1427 1639 1519 1680 eius
1550 1653 1711 1681 nomen

255 1710 371 1766 apud
407 1710 604 1753 Graecos
633 1709 909 1762 inserviebat,
953 1724 976 1752 e
1007 1710 1175 1753 duobus
1212 1710 1330 1762 locis,
1378 1710 1450 1767 qui
1495 1710 1541 1752 in
1572 1709 1711 1752 Iliade

255 1781 549 1835 inveniuntur,
580 1780 792 1836 colligere
822 1795 1063 1836 possumus.

389 1852 520 1893 P547
551 1852 666 1894 enim
693 1852 902 1907 legimus:

454 1916 560 1979 η’ύτε
589 1923 845 1980 πορφυρέην
872 1918 959 1979 ἶριν
986 1926 1190 1980 θνητοῖσι
1221 1919 1413 1982 τανύσσῃ

254 2001 383 2052 atque
412 1997 464 2037 A
475 1995 544 2046 27,
569 1996 644 2038 ubi
663 1996 1007 2051 Agamemnonis
1039 1996 1173 2039 lorica
1194 1996 1469 2051 describitur,
1499 1996 1605 2039 haec
1638 2010 1710 2039 ex-

256 2073 349 2109 tant
379 2068 529 2109 verbat

364 2142 483 2194 τρεῖς
509 2136 722 2195 ἑκάτερθ’,
751 2136 887 2196 ἴρισσι
914 2136 1177 2195 πεπωκότες,
1206 2136 1257 2191 ἃς
1283 2155 1331 2182 τε
1358 2137 1562 2195 Κρονίων

367 2209 414 2254 ἓν
441 2211 564 2269 νέφει
591 2208 762 2267 στήριξε
792 2211 918 2267 τέρας
945 2209 1154 2267 μερόπων
1180 2205 1447 2267 ἀνθρώπων.

386 2282 466 2326 Sin
493 2289 637 2325 autem
665 2297 823 2325 nomen
852 2284 991 2336 „Iris“
1024 2284 1079 2326 de
1111 2282 1283 2339 origine
1311 2298 1456 2326 arcum
1474 2282 1706 2324 coelestem

252 2354 504 2411 significare
535 2354 716 2408 solebat,
759 2353 964 2396 facillime
1010 2353 1106 2397 fieri
1142 2353 1297 2412 potuit,
1336 2359 1398 2406 ut,
1443 2367 1527 2407 quo
1572 2351 1707 2406 magis

251 2427 361 2468 haec
393 2426 476 2468 dea
503 2442 528 2467 a
559 2426 683 2467 coelo
712 2426 767 2467 ad
786 2433 946 2467 terram
965 2432 1165 2468 revocata
1187 2425 1241 2467 ad
1264 2426 1488 2467 hominum
1508 2430 1707 2467 naturam

249 2498 577 2543 accommodata
608 2504 687 2554 est,
715 2497 892 2542 nuntiae
926 2496 1108 2542 deorum
1136 2510 1315 2541 munere
1348 2496 1494 2540 functa
1515 2510 1610 2540 csse
1642 2494 1705 2537 di-

249 2577 438 2613 ceretur.
485 2572 541 2613 cf.
572 2571 622 2613 L.
649 2570 817 2626 Meyer,
851 2570 1088 2625 Bemerkg.
1118 2586 1159 2626 p.
1179 2570 1248 2611 45.
1298 2570 1346 2613 Si
1375 2571 1429 2611 de
1460 2571 1586 2612 litera
1615 2569 1698 2626 spi·

246 2642 376 2696 ranti,
405 2658 489 2699 qua
520 2657 605 2683 vox
618 2632 718 2697 Ἰρις
743 2640 952 2684 instructa
979 2640 1075 2696 fuit,
1103 2640 1399 2696 quaestionem
1424 2640 1702 2688 instituimus,

246 2720 554 2769 argumentum
585 2727 608 2756 e
638 2713 851 2756 Pausania
880 2713 1115 2770 repetitum
1155 2712 1232 2767 (II,
1253 2713 1317 2766 19,
1332 2713 1376 2765 4)
1417 2712 1586 2754 literam
1626 2711 1706 2753 ini-

246 2786 394 2829 tialem
423 2786 644 2843 digamma
672 2787 806 2832 fuisse
836 2788 1094 2831 confirmare
1125 2786 1312 2831 videtur.
1384 2785 1455 2830 Ibi
1497 2785 1614 2828 enim
1641 2785 1702 2829 le·
