1984 3332
923 161 979 203 59

224 282 473 326 universam
501 283 799 340 quaestionem
828 281 883 324 de
903 297 984 324 usu
1004 281 1279 338 digammatis
1302 280 1418 337 apud
1434 280 1678 323 Homerum

226 369 276 398 ea
303 370 351 398 re
383 356 570 399 maxime
597 354 734 398 iuvari
763 360 891 411 atque
922 353 1143 408 illustrari,
1188 353 1305 410 quod
1342 353 1420 396 illa
1448 351 1677 406 sententia,

225 441 353 482 quam
379 427 522 470 Fulda
552 426 870 481 (Untersuchg.
900 442 941 484 p.
960 426 1003 481 7)
1032 425 1229 483 protulit,
1258 426 1389 478 ducti,
1420 425 1467 466 in
1494 425 1677 467 vocibus

225 499 487 557 digammate
535 498 758 542 instructis
800 498 1119 556 perlustrandis
1169 497 1401 541 ostendere
1452 511 1675 549 conamur,

174 628 176 630 ι
225 586 332 628 quae
363 572 418 613 sit
461 571 757 627 antiquissima
802 571 1001 625 formula,
1051 585 1135 626 qua
1177 570 1395 625 digamma
1439 569 1564 612 nobis
1609 574 1677 611 est

225 648 456 698 servatum,
497 649 538 685 et
580 642 796 698 quomodo
828 643 991 686 factum
1022 643 1090 696 sit,
1130 649 1177 684 ut
1218 642 1301 685 alia
1328 642 1531 699 exempla
1562 642 1675 683 hanc

224 716 455 760 formulam
484 722 631 759 secuta
658 716 828 759 literam
843 716 1045 759 labialem
1065 715 1293 769 servarint,
1316 721 1403 769 aut,
1422 728 1520 757 cum
1536 713 1676 768 illum,

223 795 269 831 ut
298 789 356 832 ita
385 788 542 844 dicam,
571 788 856 846 archetypum
885 788 1191 846 neglegerent,
1234 787 1411 829 literam
1440 785 1672 829 Aeolicam

222 876 247 903 a
275 874 322 903 se
350 860 534 902 alienam
565 860 857 916 praebuerint.
932 861 969 903 Ε
999 861 1261 915 digammate
1291 866 1437 901 autem
1465 859 1672 916 neglecto

222 947 310 974 non
338 931 480 974 statim
511 931 710 973 concludi
738 931 880 985 debet,
927 932 1063 986 locos,
1095 931 1169 987 qui
1199 931 1284 973 huc
1313 929 1534 972 referendi
1558 935 1671 982 sunt,

223 1009 441 1058 tamquam
471 1003 756 1060 interpolatos
780 1009 1017 1061 posteaque
1045 1002 1230 1056 additos,
1256 1017 1281 1044 a
1299 1007 1418 1044 textu
1435 1000 1672 1043 carminum

222 1073 555 1117 Homericorum
575 1088 669 1116 esse
684 1073 985 1129 removendos,
1001 1073 1047 1115 id
1076 1073 1192 1129 quod
1222 1072 1511 1115 Hoffmannus
1542 1086 1672 1130 saepe

221 1146 381 1189 statuit.

351 1217 398 1262 Si
429 1218 686 1272 quaerimus,
716 1231 925 1273 quaenam
953 1217 1087 1259 fuerit
1115 1217 1242 1259 litera
1269 1218 1451 1274 spirans,
1483 1230 1594 1273 quae
1625 1215 1672 1257 in

220 1285 342 1331 initio
376 1288 495 1330 vocis
516 1284 638 1344 “Ἠρη
664 1287 864 1342 valuerit,
907 1294 951 1330 et
987 1287 1236 1343 linguarum
1276 1287 1599 1345 comparatione
1629 1293 1673 1329 et

219 1358 386 1413 formis,
423 1373 534 1414 quae
573 1359 702 1414 Pylio
747 1359 858 1401 duce
898 1357 1099 1415 (Mythol.
1136 1359 1343 1413 Beitrage
1384 1373 1427 1414 p.
1448 1358 1545 1413 119)
1587 1364 1670 1401 tra—

219 1429 392 1485 duntur,
419 1446 530 1487 5279&
548 1436 591 1473 et
618 1430 842 1487 πηρακλης,
873 1429 973 1473 satis
1007 1436 1125 1472 certe
1149 1426 1482 1486 efficitur,‘'H9a
1500 1444 1525 1472 a
1541 1429 1672 1472 litera

220 1501 403 1544 Aeolica
431 1501 712 1546 inchoavisse.
742 1502 856 1546 Cum
886 1501 1003 1556 Pylii
1035 1501 1206 1543 libellus
1237 1502 1342 1543 mihi
1372 1517 1458 1544 non
1486 1502 1531 1543 in
1563 1516 1668 1543 con-

217 1578 414 1629 spectum
443 1572 623 1625 veniret,
652 1573 811 1628 Pottio‚
845 1572 918 1629 qui
949 1572 1006 1616 K.
1035 1573 1084 1616 Z.
1102 1573 1158 1627 V,
1174 1572 1255 1615 282
1285 1573 1360 1615 has
1390 1573 1553 1615 formas
1587 1572 1668 1627 Py·

216 1644 322 1685 lium
351 1649 525 1686 secutus
557 1644 747 1698 exhibet,
792 1650 969 1687 auctore
997 1651 1098 1688 utor
1140 1644 1377 1701 locuplete.
1453 1646 1548 1688 Iam
1577 1644 1670 1688 Leo

217 1713 394 1770 Meyer:
434 1713 777 1771 Bemerkungen
812 1729 888 1756 zur
926 1715 1068 1757 altest.
1112 1714 1275 1758 Gesch.
1307 1716 1346 1757 d.
1380 1729 1448 1770 gr.
1483 1715 1669 1771 Mythol.

218 1786 340 1829 Gott.
374 1786 499 1840 1857,
542 1786 615 1841 qui
654 1802 697 1843 p.
716 1786 876 1829 18-21
923 1787 977 1830 de
1007 1793 1161 1830 natura
1202 1787 1501 1844 mythologice,
1542 1787 1669 1831 huius

216 1858 324 1901 deae
351 1858 457 1915 egit,
485 1858 540 1901 ad
569 1858 762 1902 radicem
793 1859 1097 1904 sanskriticam
1128 1861 1294 1916 „svar,“
1333 1860 1537 1917 „lucere“
1568 1876 1670 1905 con-

215 1930 343 1987 fugit,
370 1937 417 1974 ut
443 1946 602 1975 nomen
631 1939 748 1976 recte
779 1932 985 1991 explicet.
1059 1933 1169 1977 Voci
1192 1930 1314 1990 (Ἡρη
1358 1939 1561 1977 accurate
1604 1948 1669 1976 re—

217 2001 454 2060 sponderet
469 2004 607 2046 forma
623 2004 881 2047 sanskritica
903 2005 1098 2059 „svavaf
1117 2019 1226 2061 quae
1246 2006 1368 2047 iuxta
1384 2010 1533 2059 „svar“
1553 2006 1669 2059 (coe-

214 2074 326 2129 lum)
355 2074 529 2117 easdem
559 2076 673 2118 vices
703 2083 893 2131 gereret,
911 2093 1013 2134 quas
1036 2077 1124 2120 skr.
1143 2077 1203 2131 (s)
1223 2078 1368 2131 „tarffl
1383 2076 1505 2120 iuxta
1524 2079 1667 2131 „star“

217 2143 289 2199 (N.
319 2145 380 2203 pl.
410 2146 560 2202 staras)
586 2146 779 2204 suscipit.
832 2147 1021 2205 Spiritus
1051 2162 1180 2205 asper
1203 2148 1284 2191 hac
1312 2147 1358 2190 in
1387 2162 1496 2191 voce
1526 2148 1667 2190 literis

215 2219 317 2271 „sv“
358 2218 613 2261 substitutus
655 2225 732 2272 est,
774 2224 822 2261 ut
864 2219 909 2261 in
952 2216 1034 2276 ἡδύ
1066 2237 1120 2257 =
1151 2221 1239 2263 skr.
1269 2220 1473 2275 „svaduf‘
1540 2221 1669 2264 Hanc

215 2288 524 2333 derivationem
568 2290 697 2333 etiam
737 2291 1060 2349 amplectuntur
1103 2291 1281 2335 Curtius
1321 2293 1348 2335 l.
1379 2308 1413 2335 c.
1446 2308 1486 2350 p.
1514 2293 1594 2334 113
1624 2299 1668 2334 et

213 2361 403 2405 Preller:
435 2361 514 2406 Gr.
543 2363 729 2419 Mythol.
749 2363 786 2417 I,
806 2363 897 2406 124.
942 2363 1095 2421 Itaque
1126 2379 1223 2408 cum
1255 2371 1298 2407 et
1324 2365 1549 2408 literarum
1579 2365 1666 2408 sin-

213 2432 414 2489 gularum
442 2439 594 2477 natura
627 2440 670 2477 et
700 2434 962 2491 splendendi
985 2436 1185 2492 coelique
1209 2436 1539 2493 significatione,
1556 2452 1666 2493 quae

213 2505 292 2547 sub
323 2510 505 2560 utraque
533 2520 639 2548 voce
670 2506 792 2562 latet,
826 2508 934 2550 haec
966 2508 1233 2566 etymologia
1263 2509 1383 2553 vocis
1405 2506 1528 2566 ’Ἡρη
1565 2508 1667 2552 satis

212 2576 420 2631 firmetur,
448 2592 535 2620 non
564 2582 645 2632 est,
671 2579 786 2635 quod
809 2579 864 2622 de
881 2579 1150 2623 derivatione
1172 2581 1224 2624 ab
1245 2575 1339 2638 ἀήρ,
1358 2596 1482 2638 quam
1500 2581 1663 2626 Christ.

213 2648 242 2692 l.
271 2663 309 2692 c.
335 2663 378 2705 p.
393 2648 487 2691 254.
543 2650 772 2694 Platonem
802 2651 969 2709 Cratyl.
991 2653 1125 2695 4040.
1157 2659 1347 2708 secutus,
1391 2668 1539 2696 veram
1570 2668 1665 2696 essc

216 2718 347 2775 dicit,
406 2720 539 2764 verba
567 2720 797 2778 faciamus3
846 2737 990 2781 neque
1059 2724 1198 2768 minus
1259 2724 1544 2784 improbanda
1600 2731 1666 2768 est
