<?xml version="1.0" encoding="UTF-8"?>
<!DOCTYPE html PUBLIC "-//W3C//DTD XHTML 1.0 Transitional//EN"
    "http://www.w3.org/TR/xhtml1/DTD/xhtml1-transitional.dtd">
<html xmlns="http://www.w3.org/1999/xhtml" xml:lang="en" lang="en">
 <head>
  <title>
</title>
<meta http-equiv="Content-Type" content="text/html;charset=utf-8" />
  <meta name='ocr-system' content='tesseract 3.04.00' />
  <meta name='ocr-capabilities' content='ocr_page ocr_carea ocr_par ocr_line ocrx_word'/>
</head>
<body>
  <div class='ocr_page' id='page_1' title='image "4626079_0030.png"; bbox 0 0 1984 3332; ppageno 0'>
   <div class='ocr_carea' id='block_1_1' title="bbox 966 174 1018 214">
    <p class='ocr_par' dir='ltr' id='par_1_1' title="bbox 966 174 1018 214">
     <span class='ocr_line' id='line_1_1' title="bbox 966 174 1018 214; baseline 0.019 -1"><span class='ocrx_word' id='word_1_1' title='bbox 966 174 1018 214; x_wconf 90' lang='lat'><strong>19</strong></span> 
     </span>
    </p>
   </div>
   <div class='ocr_carea' id='block_1_2' title="bbox 247 289 1717 2714">
    <p class='ocr_par' dir='ltr' id='par_1_2' title="bbox 247 289 1717 2714">
     <span class='ocr_line' id='line_1_2' title="bbox 260 289 1715 351; baseline 0 -16"><span class='ocrx_word' id='word_1_2' title='bbox 260 305 308 335; x_wconf 83' lang='lat' dir='ltr'><strong>se</strong></span> <span class='ocrx_word' id='word_1_3' title='bbox 335 292 505 345; x_wconf 85' lang='lat' dir='ltr'><strong>habeat,</strong></span> <span class='ocrx_word' id='word_1_4' title='bbox 550 293 658 335; x_wconf 89' lang='lat' dir='ltr'><strong>nihil</strong></span> <span class='ocrx_word' id='word_1_5' title='bbox 686 292 811 336; x_wconf 92' lang='lat' dir='ltr'><strong>nobis</strong></span> <span class='ocrx_word' id='word_1_6' title='bbox 842 299 963 336; x_wconf 87' lang='lat' dir='ltr'><strong>extat</strong></span> <span class='ocrx_word' id='word_1_7' title='bbox 992 292 1303 350; x_wconf 80' lang='lat' dir='ltr'><strong>impedimenti,</strong></span> <span class='ocrx_word' id='word_1_8' title='bbox 1352 295 1457 351; x_wconf 89' lang='lat' dir='ltr'><strong>quin</strong></span> <span class='ocrx_word' id='word_1_9' title='bbox 1488 289 1630 346; x_wconf 82' lang='grc' dir='ltr'><strong><em>Πάρις</em></strong></span> <span class='ocrx_word' id='word_1_10' title='bbox 1674 298 1715 335; x_wconf 79' lang='lat' dir='ltr'><strong>et</strong></span> 
     </span>
     <span class='ocr_line' id='line_1_3' title="bbox 264 362 1715 425; baseline 0 -17"><span class='ocrx_word' id='word_1_11' title='bbox 264 362 467 421; x_wconf 88' lang='grc' dir='ltr'><strong><em>Πρίαμος</em></strong></span> <span class='ocrx_word' id='word_1_12' title='bbox 501 365 554 409; x_wconf 91' lang='lat' dir='ltr'><strong>ab</strong></span> <span class='ocrx_word' id='word_1_13' title='bbox 585 379 635 409; x_wconf 90' lang='lat' dir='ltr'><strong>ea</strong></span> <span class='ocrx_word' id='word_1_14' title='bbox 669 364 831 421; x_wconf 84' lang='lat' dir='ltr'><strong>radice,</strong></span> <span class='ocrx_word' id='word_1_15' title='bbox 879 379 988 424; x_wconf 83' lang='lat' dir='ltr'><strong>quae</strong></span> <span class='ocrx_word' id='word_1_16' title='bbox 1018 367 1097 410; x_wconf 86' lang='lat' dir='ltr'><strong>sub</strong></span> <span class='ocrx_word' id='word_1_17' title='bbox 1124 380 1234 410; x_wconf 85' lang='lat' dir='ltr'><strong>voce</strong></span> <span class='ocrx_word' id='word_1_18' title='bbox 1264 365 1519 410; x_wconf 82' lang='lat' dir='ltr'><strong>sanskritica</strong></span> <span class='ocrx_word' id='word_1_19' title='bbox 1547 364 1715 425; x_wconf 82' lang='lat' dir='ltr'><strong>„pani‚“</strong></span> 
     </span>
     <span class='ocr_line' id='line_1_4' title="bbox 263 437 1717 496; baseline 0.001 -17"><span class='ocrx_word' id='word_1_20' title='bbox 263 437 435 479; x_wconf 89' lang='lat' dir='ltr'><strong>occulta</strong></span> <span class='ocrx_word' id='word_1_21' title='bbox 464 445 543 492; x_wconf 87' lang='lat' dir='ltr'><strong>est,</strong></span> <span class='ocrx_word' id='word_1_22' title='bbox 574 438 815 480; x_wconf 85' lang='lat' dir='ltr'><strong>derivatum</strong></span> <span class='ocrx_word' id='word_1_23' title='bbox 842 453 939 481; x_wconf 88' lang='lat' dir='ltr'><strong>esse</strong></span> <span class='ocrx_word' id='word_1_24' title='bbox 966 438 1172 481; x_wconf 70' lang='lat' dir='ltr'><strong>dicamus·</strong></span> <span class='ocrx_word' id='word_1_25' title='bbox 1202 438 1251 483; x_wconf 87' lang='lat' dir='ltr'><strong>Si</strong></span> <span class='ocrx_word' id='word_1_26' title='bbox 1282 446 1526 496; x_wconf 83' lang='lat' dir='ltr'><strong>spectamus</strong></span> <span class='ocrx_word' id='word_1_27' title='bbox 1555 438 1610 481; x_wconf 87' lang='lat' dir='ltr'><strong>ad</strong></span> <span class='ocrx_word' id='word_1_28' title='bbox 1641 453 1717 480; x_wconf 87' lang='lat' dir='ltr'><strong>no-</strong></span> 
     </span>
     <span class='ocr_line' id='line_1_5' title="bbox 258 508 1715 567; baseline 0.001 -15"><span class='ocrx_word' id='word_1_29' title='bbox 258 519 359 553; x_wconf 85' lang='lat' dir='ltr'><strong>men</strong></span> <span class='ocrx_word' id='word_1_30' title='bbox 387 508 647 564; x_wconf 80' lang='grc' dir='ltr'><em>Λαομέδων,</em></span> <span class='ocrx_word' id='word_1_31' title='bbox 679 508 807 552; x_wconf 87' lang='lat' dir='ltr'><strong>etiam</strong></span> <span class='ocrx_word' id='word_1_32' title='bbox 835 509 962 553; x_wconf 89' lang='lat' dir='ltr'><strong>huius</strong></span> <span class='ocrx_word' id='word_1_33' title='bbox 995 510 1181 554; x_wconf 88' lang='lat' dir='ltr'><strong>nominis</strong></span> <span class='ocrx_word' id='word_1_34' title='bbox 1211 510 1478 567; x_wconf 79' lang='lat' dir='ltr'><strong>etymologia</strong></span> <span class='ocrx_word' id='word_1_35' title='bbox 1507 509 1614 553; x_wconf 87' lang='lat' dir='ltr'><strong>mihi</strong></span> <span class='ocrx_word' id='word_1_36' title='bbox 1642 510 1715 553; x_wconf 86' lang='lat' dir='ltr'><strong>de-</strong></span> 
     </span>
     <span class='ocr_line' id='line_1_6' title="bbox 259 581 1714 639; baseline 0.001 -17"><span class='ocrx_word' id='word_1_37' title='bbox 259 587 499 623; x_wconf 87' lang='lat' dir='ltr'><strong>monstrare</strong></span> <span class='ocrx_word' id='word_1_38' title='bbox 526 581 714 635; x_wconf 89' lang='lat' dir='ltr'><strong>videtur,</strong></span> <span class='ocrx_word' id='word_1_39' title='bbox 758 581 882 623; x_wconf 91' lang='lat' dir='ltr'><strong>illum</strong></span> <span class='ocrx_word' id='word_1_40' title='bbox 917 595 1069 636; x_wconf 86' lang='lat' dir='ltr'><strong>regem</strong></span> <span class='ocrx_word' id='word_1_41' title='bbox 1108 583 1154 624; x_wconf 86' lang='lat' dir='ltr'><strong>in</strong></span> <span class='ocrx_word' id='word_1_42' title='bbox 1186 582 1456 626; x_wconf 85' lang='lat' dir='ltr'><strong>Graecorum</strong></span> <span class='ocrx_word' id='word_1_43' title='bbox 1488 582 1714 639; x_wconf 86' lang='lat' dir='ltr'><strong>mytholo-</strong></span> 
     </span>
     <span class='ocr_line' id='line_1_7' title="bbox 257 652 1711 712; baseline 0 -18"><span class='ocrx_word' id='word_1_44' title='bbox 257 653 328 708; x_wconf 87' lang='lat' dir='ltr'><strong>gia</strong></span> <span class='ocrx_word' id='word_1_45' title='bbox 376 652 637 696; x_wconf 91' lang='lat' dir='ltr'><strong>daemonum</strong></span> <span class='ocrx_word' id='word_1_46' title='bbox 681 653 939 707; x_wconf 90' lang='lat' dir='ltr'><strong>indicorum,</strong></span> <span class='ocrx_word' id='word_1_47' title='bbox 988 654 1062 712; x_wconf 90' lang='lat' dir='ltr'><strong>qui</strong></span> <span class='ocrx_word' id='word_1_48' title='bbox 1109 655 1312 697; x_wconf 82' lang='lat' dir='ltr'><strong>tenebras</strong></span> <span class='ocrx_word' id='word_1_49' title='bbox 1367 659 1711 712; x_wconf 81' lang='lat' dir='ltr'><strong>repraesentant,</strong></span> 
     </span>
     <span class='ocr_line' id='line_1_8' title="bbox 260 723 1713 780; baseline 0 -14"><span class='ocrx_word' id='word_1_50' title='bbox 260 738 441 767; x_wconf 88' lang='lat' dir='ltr'><strong>munere</strong></span> <span class='ocrx_word' id='word_1_51' title='bbox 469 724 664 767; x_wconf 87' lang='lat' dir='ltr'><strong>functum</strong></span> <span class='ocrx_word' id='word_1_52' title='bbox 697 738 802 768; x_wconf 89' lang='lat' dir='ltr'><strong>esse.</strong></span> <span class='ocrx_word' id='word_1_53' title='bbox 879 724 931 766; x_wconf 93' lang='lat' dir='ltr'><strong>In</strong></span> <span class='ocrx_word' id='word_1_54' title='bbox 970 724 1135 767; x_wconf 86' lang='lat' dir='ltr'><strong>vedicis</strong></span> <span class='ocrx_word' id='word_1_55' title='bbox 1167 724 1282 767; x_wconf 87' lang='lat' dir='ltr'><strong>enim</strong></span> <span class='ocrx_word' id='word_1_56' title='bbox 1316 724 1490 780; x_wconf 85' lang='lat' dir='ltr'><strong>hymnis</strong></span> <span class='ocrx_word' id='word_1_57' title='bbox 1519 723 1583 766; x_wconf 90' lang='lat' dir='ltr'><strong>illi</strong></span> <span class='ocrx_word' id='word_1_58' title='bbox 1613 723 1713 766; x_wconf 89' lang='lat' dir='ltr'><strong>dae-</strong></span> 
     </span>
     <span class='ocr_line' id='line_1_9' title="bbox 256 795 1712 854; baseline -0.001 -16"><span class='ocrx_word' id='word_1_59' title='bbox 256 809 418 850; x_wconf 86' lang='lat' dir='ltr'><strong>mones,</strong></span> <span class='ocrx_word' id='word_1_60' title='bbox 452 796 527 854; x_wconf 87' lang='lat' dir='ltr'><strong>qui</strong></span> <span class='ocrx_word' id='word_1_61' title='bbox 555 796 608 838; x_wconf 88' lang='lat' dir='ltr'><strong>ab</strong></span> <span class='ocrx_word' id='word_1_62' title='bbox 636 795 782 850; x_wconf 84' lang='lat' dir='ltr'><strong>Indra,</strong></span> <span class='ocrx_word' id='word_1_63' title='bbox 812 795 920 838; x_wconf 89' lang='lat' dir='ltr'><strong>lucis</strong></span> <span class='ocrx_word' id='word_1_64' title='bbox 951 795 1048 850; x_wconf 89' lang='lat' dir='ltr'><strong>deo,</strong></span> <span class='ocrx_word' id='word_1_65' title='bbox 1067 795 1369 850; x_wconf 86' lang='lat' dir='ltr'><strong>devincuntur,</strong></span> <span class='ocrx_word' id='word_1_66' title='bbox 1387 795 1516 837; x_wconf 88' lang='lat' dir='ltr'><strong>etiam</strong></span> <span class='ocrx_word' id='word_1_67' title='bbox 1534 795 1712 849; x_wconf 72' lang='lat' dir='ltr'><strong>„dasas“</strong></span> 
     </span>
     <span class='ocr_line' id='line_1_10' title="bbox 257 866 1715 925; baseline 0 -17"><span class='ocrx_word' id='word_1_68' title='bbox 257 866 474 910; x_wconf 88' lang='lat' dir='ltr'><strong>dicuntur.</strong></span> <span class='ocrx_word' id='word_1_69' title='bbox 508 868 559 911; x_wconf 87' lang='lat' dir='ltr'><strong>cf.</strong></span> <span class='ocrx_word' id='word_1_70' title='bbox 595 868 819 925; x_wconf 84' lang='lat' dir='ltr'><strong>Bhtlingk.</strong></span> <span class='ocrx_word' id='word_1_71' title='bbox 849 883 891 911; x_wconf 93' lang='lat' dir='ltr'><strong>u.</strong></span> <span class='ocrx_word' id='word_1_72' title='bbox 911 868 1040 922; x_wconf 88' lang='lat' dir='ltr'><strong>Roth,</strong></span> <span class='ocrx_word' id='word_1_73' title='bbox 1059 868 1284 910; x_wconf 80' lang='lat' dir='ltr'><strong>W6rterb.</strong></span> <span class='ocrx_word' id='word_1_74' title='bbox 1305 867 1374 909; x_wconf 89' lang='grc' dir='ltr'><strong>ΙΙΙ</strong></span> <span class='ocrx_word' id='word_1_75' title='bbox 1401 867 1552 922; x_wconf 80' lang='lat' dir='ltr'><strong>p.604.</strong></span> <span class='ocrx_word' id='word_1_76' title='bbox 1580 867 1715 910; x_wconf 85' lang='lat' dir='ltr'><strong>Prae-</strong></span> 
     </span>
     <span class='ocr_line' id='line_1_11' title="bbox 255 938 1713 994; baseline -0.001 -13"><span class='ocrx_word' id='word_1_77' title='bbox 255 945 375 982; x_wconf 86' lang='lat' dir='ltr'><strong>terea</strong></span> <span class='ocrx_word' id='word_1_78' title='bbox 402 939 504 982; x_wconf 89' lang='lat' dir='ltr'><strong>huic</strong></span> <span class='ocrx_word' id='word_1_79' title='bbox 533 941 633 982; x_wconf 86' lang='lat' dir='ltr'><strong>voci</strong></span> <span class='ocrx_word' id='word_1_80' title='bbox 666 940 821 994; x_wconf 70' lang='lat' dir='ltr'><strong>„dasa“</strong></span> <span class='ocrx_word' id='word_1_81' title='bbox 848 940 962 983; x_wconf 86' lang='lat' dir='ltr'><strong>inest</strong></span> <span class='ocrx_word' id='word_1_82' title='bbox 1004 939 1122 982; x_wconf 88' lang='lat' dir='ltr'><strong>notio</strong></span> <span class='ocrx_word' id='word_1_83' title='bbox 1164 939 1292 983; x_wconf 88' lang='lat' dir='ltr'><strong>servi.</strong></span> <span class='ocrx_word' id='word_1_84' title='bbox 1361 938 1474 993; x_wconf 83' lang='lat' dir='ltr'><strong>Quia</strong></span> <span class='ocrx_word' id='word_1_85' title='bbox 1512 939 1591 981; x_wconf 91' lang='lat' dir='ltr'><strong>sub</strong></span> <span class='ocrx_word' id='word_1_86' title='bbox 1628 938 1713 980; x_wconf 90' lang='lat' dir='ltr'><strong>hoc</strong></span> 
     </span>
     <span class='ocr_line' id='line_1_12' title="bbox 254 1010 1708 1069; baseline 0 -18"><span class='ocrx_word' id='word_1_87' title='bbox 254 1011 429 1053; x_wconf 89' lang='lat' dir='ltr'><strong>nomine</strong></span> <span class='ocrx_word' id='word_1_88' title='bbox 462 1011 618 1054; x_wconf 90' lang='lat' dir='ltr'><strong>eadem</strong></span> <span class='ocrx_word' id='word_1_89' title='bbox 653 1012 783 1069; x_wconf 81' lang='lat' dir='ltr'><strong>stirps</strong></span> <span class='ocrx_word' id='word_1_90' title='bbox 813 1013 933 1066; x_wconf 89' lang='lat' dir='ltr'><strong>latet,</strong></span> <span class='ocrx_word' id='word_1_91' title='bbox 959 1026 1070 1064; x_wconf 87' lang='lat' dir='ltr'><strong>quae</strong></span> <span class='ocrx_word' id='word_1_92' title='bbox 1101 1012 1225 1053; x_wconf 90' lang='lat' dir='ltr'><strong>nobis</strong></span> <span class='ocrx_word' id='word_1_93' title='bbox 1254 1018 1423 1053; x_wconf 87' lang='lat' dir='ltr'><strong>servata</strong></span> <span class='ocrx_word' id='word_1_94' title='bbox 1448 1017 1515 1053; x_wconf 86' lang='lat' dir='ltr'><strong>est</strong></span> <span class='ocrx_word' id='word_1_95' title='bbox 1533 1010 1580 1052; x_wconf 91' lang='lat' dir='ltr'><strong>in</strong></span> <span class='ocrx_word' id='word_1_96' title='bbox 1601 1010 1708 1052; x_wconf 90' lang='lat' dir='ltr'><strong>anti-</strong></span> 
     </span>
     <span class='ocr_line' id='line_1_13' title="bbox 255 1080 1708 1139; baseline -0.001 -15"><span class='ocrx_word' id='word_1_97' title='bbox 255 1081 416 1139; x_wconf 89' lang='lat' dir='ltr'><strong>quioris</strong></span> <span class='ocrx_word' id='word_1_98' title='bbox 449 1081 652 1125; x_wconf 85' lang='lat' dir='ltr'><strong>Persicae</strong></span> <span class='ocrx_word' id='word_1_99' title='bbox 682 1082 860 1139; x_wconf 87' lang='lat' dir='ltr'><strong>linguae</strong></span> <span class='ocrx_word' id='word_1_100' title='bbox 890 1082 1157 1125; x_wconf 86' lang='lat' dir='ltr'><strong>substantivo</strong></span> <span class='ocrx_word' id='word_1_101' title='bbox 1190 1081 1437 1139; x_wconf 54' lang='lat' dir='ltr'><strong>„dahyauffl</strong></span> <span class='ocrx_word' id='word_1_102' title='bbox 1482 1082 1556 1137; x_wconf 92' lang='lat' dir='ltr'><strong>(cf.</strong></span> <span class='ocrx_word' id='word_1_103' title='bbox 1585 1080 1708 1139; x_wconf 85' lang='lat' dir='ltr'><strong>Spie-</strong></span> 
     </span>
     <span class='ocr_line' id='line_1_14' title="bbox 253 1153 1710 1212; baseline -0.001 -16"><span class='ocrx_word' id='word_1_104' title='bbox 253 1154 343 1210; x_wconf 89' lang='lat' dir='ltr'><strong>gel,</strong></span> <span class='ocrx_word' id='word_1_105' title='bbox 370 1153 661 1196; x_wconf 85' lang='lat' dir='ltr'><strong>Keilinschrft</strong></span> <span class='ocrx_word' id='word_1_106' title='bbox 689 1169 732 1212; x_wconf 89' lang='lat' dir='ltr'><strong>p.</strong></span> <span class='ocrx_word' id='word_1_107' title='bbox 760 1154 861 1205; x_wconf 78' lang='lat'>202)</span> <span class='ocrx_word' id='word_1_108' title='bbox 892 1154 1039 1210; x_wconf 85' lang='lat' dir='ltr'><strong>(victa)</strong></span> <span class='ocrx_word' id='word_1_109' title='bbox 1073 1154 1349 1212; x_wconf 84' lang='lat' dir='ltr'><strong>„provincia“</strong></span> <span class='ocrx_word' id='word_1_110' title='bbox 1368 1154 1559 1212; x_wconf 82' lang='lat' dir='ltr'><strong>„pagus“</strong></span> <span class='ocrx_word' id='word_1_111' title='bbox 1582 1159 1710 1211; x_wconf 86' lang='lat' dir='ltr'><strong>atque</strong></span> 
     </span>
     <span class='ocr_line' id='line_1_15' title="bbox 254 1222 1711 1281; baseline 0.001 -16"><span class='ocrx_word' id='word_1_112' title='bbox 254 1226 299 1266; x_wconf 92' lang='lat' dir='ltr'><strong>in</strong></span> <span class='ocrx_word' id='word_1_113' title='bbox 331 1224 533 1268; x_wconf 89' lang='lat' dir='ltr'><strong>Zendieis</strong></span> <span class='ocrx_word' id='word_1_114' title='bbox 567 1226 786 1267; x_wconf 87' lang='lat' dir='ltr'><strong>vocabulis</strong></span> <span class='ocrx_word' id='word_1_115' title='bbox 830 1226 1028 1281; x_wconf 83' lang='lat' dir='ltr'><strong>„daqyu“</strong></span> <span class='ocrx_word' id='word_1_116' title='bbox 1062 1232 1105 1266; x_wconf 88' lang='lat' dir='ltr'><strong>et</strong></span> <span class='ocrx_word' id='word_1_117' title='bbox 1136 1222 1333 1279; x_wconf 79' lang='lat' dir='ltr'><strong>„darihu“</strong></span> <span class='ocrx_word' id='word_1_118' title='bbox 1363 1227 1436 1280; x_wconf 86' lang='lat' dir='ltr'><strong>(cf.</strong></span> <span class='ocrx_word' id='word_1_119' title='bbox 1464 1225 1585 1267; x_wconf 84' lang='lat' dir='ltr'><strong>Iusti.</strong></span> <span class='ocrx_word' id='word_1_120' title='bbox 1613 1225 1642 1265; x_wconf 94' lang='lat' dir='ltr'><strong>l.</strong></span> <span class='ocrx_word' id='word_1_121' title='bbox 1674 1240 1711 1266; x_wconf 91' lang='lat' dir='ltr'><strong>e.</strong></span> 
     </span>
     <span class='ocr_line' id='line_1_16' title="bbox 254 1294 1710 1353; baseline -0.001 -14"><span class='ocrx_word' id='word_1_122' title='bbox 254 1312 295 1353; x_wconf 82' lang='lat' dir='ltr'><strong>p.</strong></span> <span class='ocrx_word' id='word_1_123' title='bbox 317 1296 408 1349; x_wconf 88' lang='lat'><strong>144,</strong></span> <span class='ocrx_word' id='word_1_124' title='bbox 429 1296 538 1350; x_wconf 78' lang='lat'><strong>145),</strong></span> <span class='ocrx_word' id='word_1_125' title='bbox 566 1310 676 1351; x_wconf 89' lang='lat' dir='ltr'><strong>quae</strong></span> <span class='ocrx_word' id='word_1_126' title='bbox 706 1296 888 1339; x_wconf 88' lang='lat' dir='ltr'><strong>eandem</strong></span> <span class='ocrx_word' id='word_1_127' title='bbox 918 1296 1077 1340; x_wconf 83' lang='lat' dir='ltr'><strong>habent</strong></span> <span class='ocrx_word' id='word_1_128' title='bbox 1107 1297 1480 1352; x_wconf 87' lang='lat' dir='ltr'><strong>significationem,</strong></span> <span class='ocrx_word' id='word_1_129' title='bbox 1515 1295 1574 1339; x_wconf 91' lang='lat' dir='ltr'><strong>M.</strong></span> <span class='ocrx_word' id='word_1_130' title='bbox 1600 1294 1710 1337; x_wconf 76' lang='lat' dir='ltr'><strong>Mul-</strong></span> 
     </span>
     <span class='ocr_line' id='line_1_17' title="bbox 253 1366 1711 1425; baseline 0.001 -17"><span class='ocrx_word' id='word_1_131' title='bbox 253 1368 319 1409; x_wconf 88' lang='lat' dir='ltr'><strong>ler</strong></span> <span class='ocrx_word' id='word_1_132' title='bbox 350 1367 426 1422; x_wconf 77' lang='lat' dir='ltr'><strong>(K,</strong></span> <span class='ocrx_word' id='word_1_133' title='bbox 457 1368 699 1410; x_wconf 87' lang='lat' dir='ltr'><strong>Ztschr.V.</strong></span> <span class='ocrx_word' id='word_1_134' title='bbox 732 1383 774 1425; x_wconf 91' lang='lat' dir='ltr'><strong>p.</strong></span> <span class='ocrx_word' id='word_1_135' title='bbox 793 1369 889 1420; x_wconf 80' lang='lat'>151)</span> <span class='ocrx_word' id='word_1_136' title='bbox 933 1368 986 1409; x_wconf 88' lang='lat' dir='ltr'><strong>ab</strong></span> <span class='ocrx_word' id='word_1_137' title='bbox 1024 1368 1105 1409; x_wconf 88' lang='lat' dir='ltr'><strong>hac</strong></span> <span class='ocrx_word' id='word_1_138' title='bbox 1146 1369 1322 1410; x_wconf 88' lang='lat' dir='ltr'><strong>notione</strong></span> <span class='ocrx_word' id='word_1_139' title='bbox 1362 1368 1586 1423; x_wconf 88' lang='lat' dir='ltr'><strong>profectus</strong></span> <span class='ocrx_word' id='word_1_140' title='bbox 1632 1366 1711 1409; x_wconf 92' lang='lat' dir='ltr'><strong>de-</strong></span> 
     </span>
     <span class='ocr_line' id='line_1_18' title="bbox 254 1437 1707 1496; baseline 0 -16"><span class='ocrx_word' id='word_1_141' title='bbox 254 1444 493 1485; x_wconf 75' lang='lat' dir='ltr'><strong>monstrare</strong></span> <span class='ocrx_word' id='word_1_142' title='bbox 528 1445 719 1491; x_wconf 87' lang='lat' dir='ltr'><strong>conatur,</strong></span> <span class='ocrx_word' id='word_1_143' title='bbox 751 1437 941 1492; x_wconf 63' lang='lat' dir='ltr'><strong>„dasas,“</strong></span> <span class='ocrx_word' id='word_1_144' title='bbox 992 1453 1086 1480; x_wconf 91' lang='lat' dir='ltr'><strong>cum</strong></span> <span class='ocrx_word' id='word_1_145' title='bbox 1128 1438 1365 1496; x_wconf 88' lang='lat' dir='ltr'><strong>antiquitus</strong></span> <span class='ocrx_word' id='word_1_146' title='bbox 1409 1438 1623 1495; x_wconf 82' lang='lat' dir='ltr'><strong>„populos</strong></span> <span class='ocrx_word' id='word_1_147' title='bbox 1646 1439 1707 1480; x_wconf 84' lang='lat' dir='ltr'><strong>vi-</strong></span> 
     </span>
     <span class='ocr_line' id='line_1_19' title="bbox 252 1508 1709 1567; baseline 0.001 -16"><span class='ocrx_word' id='word_1_148' title='bbox 252 1510 370 1551; x_wconf 88' lang='lat' dir='ltr'><strong>ctos“</strong></span> <span class='ocrx_word' id='word_1_149' title='bbox 400 1508 724 1564; x_wconf 85' lang='lat' dir='ltr'><strong>significaverit,</strong></span> <span class='ocrx_word' id='word_1_150' title='bbox 772 1516 923 1567; x_wconf 87' lang='lat' dir='ltr'><strong>postca</strong></span> <span class='ocrx_word' id='word_1_151' title='bbox 964 1509 1151 1552; x_wconf 87' lang='lat' dir='ltr'><strong>eundem</strong></span> <span class='ocrx_word' id='word_1_152' title='bbox 1195 1523 1369 1552; x_wconf 89' lang='lat' dir='ltr'><strong>sensum</strong></span> <span class='ocrx_word' id='word_1_153' title='bbox 1411 1510 1709 1566; x_wconf 83' lang='lat' dir='ltr'><strong>descripsisse,</strong></span> 
     </span>
     <span class='ocr_line' id='line_1_20' title="bbox 254 1582 1709 1639; baseline 0.001 -15"><span class='ocrx_word' id='word_1_154' title='bbox 254 1582 327 1639; x_wconf 90' lang='lat' dir='ltr'><strong>qui</strong></span> <span class='ocrx_word' id='word_1_155' title='bbox 353 1582 465 1625; x_wconf 87' lang='lat' dir='ltr'><strong>inest</strong></span> <span class='ocrx_word' id='word_1_156' title='bbox 493 1582 674 1624; x_wconf 87' lang='lat' dir='ltr'><strong>vocibus</strong></span> <span class='ocrx_word' id='word_1_157' title='bbox 704 1582 941 1639; x_wconf 83' lang='lat' dir='ltr'><strong>„populus“</strong></span> <span class='ocrx_word' id='word_1_158' title='bbox 985 1589 1028 1624; x_wconf 88' lang='lat' dir='ltr'><strong>et</strong></span> <span class='ocrx_word' id='word_1_159' title='bbox 1072 1582 1309 1636; x_wconf 82' lang='lat' dir='ltr'><strong>„subiecti“</strong></span> <span class='ocrx_word' id='word_1_160' title='bbox 1351 1582 1709 1638; x_wconf 87' lang='lat' dir='ltr'><strong>(Unterthanen).</strong></span> 
     </span>
     <span class='ocr_line' id='line_1_21' title="bbox 254 1654 1709 1709; baseline 0.001 -13"><span class='ocrx_word' id='word_1_161' title='bbox 254 1654 561 1709; x_wconf 85' lang='lat' dir='ltr'><strong>Quamobrem,</strong></span> <span class='ocrx_word' id='word_1_162' title='bbox 593 1669 690 1697; x_wconf 90' lang='lat' dir='ltr'><strong>cum</strong></span> <span class='ocrx_word' id='word_1_163' title='bbox 720 1654 748 1695; x_wconf 92' lang='lat' dir='ltr'><strong>d</strong></span> <span class='ocrx_word' id='word_1_164' title='bbox 767 1654 844 1696; x_wconf 89' lang='lat' dir='ltr'><strong>inl</strong></span> <span class='ocrx_word' id='word_1_165' title='bbox 876 1660 1128 1708; x_wconf 85' lang='lat' dir='ltr'><strong>mutaretur,</strong></span> <span class='ocrx_word' id='word_1_166' title='bbox 1158 1654 1415 1697; x_wconf 87' lang='lat' dir='ltr'><strong>sanskritico</strong></span> <span class='ocrx_word' id='word_1_167' title='bbox 1450 1654 1553 1696; x_wconf 76' lang='lat' dir='ltr'><strong>dasa</strong></span> <span class='ocrx_word' id='word_1_168' title='bbox 1570 1655 1709 1699; x_wconf 81' lang='lat' dir='ltr'><strong>Grae-</strong></span> 
     </span>
     <span class='ocr_line' id='line_1_22' title="bbox 254 1724 1709 1783; baseline -0.001 -15"><span class='ocrx_word' id='word_1_169' title='bbox 254 1741 351 1768; x_wconf 91' lang='lat' dir='ltr'><strong>cum</strong></span> <span class='ocrx_word' id='word_1_170' title='bbox 381 1724 484 1777; x_wconf 84' lang='grc' dir='ltr'><strong><em>λοῖός</em></strong></span> <span class='ocrx_word' id='word_1_171' title='bbox 510 1733 743 1783; x_wconf 86' lang='lat' dir='ltr'><strong>comparat,</strong></span> <span class='ocrx_word' id='word_1_172' title='bbox 789 1726 905 1783; x_wconf 88' lang='lat' dir='ltr'><strong>quod</strong></span> <span class='ocrx_word' id='word_1_173' title='bbox 951 1741 1080 1768; x_wconf 88' lang='lat' dir='ltr'><strong>sensu</strong></span> <span class='ocrx_word' id='word_1_174' title='bbox 1117 1727 1264 1782; x_wconf 88' lang='lat' dir='ltr'><strong>priore</strong></span> <span class='ocrx_word' id='word_1_175' title='bbox 1314 1732 1531 1769; x_wconf 79' lang='lat' dir='ltr'><strong>servatum</strong></span> <span class='ocrx_word' id='word_1_176' title='bbox 1568 1727 1624 1769; x_wconf 87' lang='lat' dir='ltr'><strong>sit</strong></span> <span class='ocrx_word' id='word_1_177' title='bbox 1662 1727 1709 1768; x_wconf 89' lang='lat' dir='ltr'><strong>in</strong></span> 
     </span>
     <span class='ocr_line' id='line_1_23' title="bbox 250 1794 1707 1856; baseline 0 -15"><span class='ocrx_word' id='word_1_178' title='bbox 250 1794 502 1856; x_wconf 82' lang='grc' dir='ltr'><strong><em>λεωφόντης</em></strong></span> <span class='ocrx_word' id='word_1_179' title='bbox 550 1817 594 1836; x_wconf 85' lang='lat'><strong><em>=</em></strong></span> <span class='ocrx_word' id='word_1_180' title='bbox 641 1797 866 1856; x_wconf 81' lang='lat' dir='ltr'><strong>dasyuhan</strong></span> <span class='ocrx_word' id='word_1_181' title='bbox 909 1797 1163 1854; x_wconf 85' lang='lat' dir='ltr'><strong>(daemones</strong></span> <span class='ocrx_word' id='word_1_182' title='bbox 1211 1797 1518 1854; x_wconf 85' lang='lat' dir='ltr'><strong>interficiens),</strong></span> <span class='ocrx_word' id='word_1_183' title='bbox 1577 1812 1707 1841; x_wconf 88' lang='lat' dir='ltr'><strong>sensu</strong></span> 
     </span>
     <span class='ocr_line' id='line_1_24' title="bbox 251 1866 1705 1928; baseline -0.001 -15"><span class='ocrx_word' id='word_1_184' title='bbox 251 1871 390 1913; x_wconf 87' lang='lat' dir='ltr'><strong>altero</strong></span> <span class='ocrx_word' id='word_1_185' title='bbox 419 1870 662 1913; x_wconf 85' lang='lat' dir='ltr'><strong>inveniatur</strong></span> <span class='ocrx_word' id='word_1_186' title='bbox 691 1871 737 1912; x_wconf 89' lang='lat' dir='ltr'><strong>in</strong></span> <span class='ocrx_word' id='word_1_187' title='bbox 767 1885 875 1913; x_wconf 87' lang='lat' dir='ltr'><strong>voce</strong></span> <span class='ocrx_word' id='word_1_188' title='bbox 905 1867 1021 1923; x_wconf 82' lang='grc' dir='ltr'><strong><em>λοῖός,</em></strong></span> <span class='ocrx_word' id='word_1_189' title='bbox 1063 1877 1136 1912; x_wconf 90' lang='lat' dir='ltr'><strong>att.</strong></span> <span class='ocrx_word' id='word_1_190' title='bbox 1165 1866 1286 1922; x_wconf 81' lang='grc' dir='ltr'><em>λεώς,</em></span> <span class='ocrx_word' id='word_1_191' title='bbox 1340 1885 1451 1928; x_wconf 90' lang='lat' dir='ltr'><strong>quae</strong></span> <span class='ocrx_word' id='word_1_192' title='bbox 1494 1871 1705 1928; x_wconf 90' lang='lat' dir='ltr'><strong>populum</strong></span> 
     </span>
     <span class='ocr_line' id='line_1_25' title="bbox 252 1939 1705 2000; baseline 0.001 -17"><span class='ocrx_word' id='word_1_193' title='bbox 252 1941 477 1998; x_wconf 87' lang='lat' dir='ltr'><strong>significat.</strong></span> <span class='ocrx_word' id='word_1_194' title='bbox 513 1941 602 1986; x_wconf 85' lang='lat' dir='ltr'><strong>Sed</strong></span> <span class='ocrx_word' id='word_1_195' title='bbox 633 1943 736 2000; x_wconf 88' lang='lat' dir='ltr'><strong>quin</strong></span> <span class='ocrx_word' id='word_1_196' title='bbox 763 1942 875 1985; x_wconf 89' lang='lat' dir='ltr'><strong>hanc</strong></span> <span class='ocrx_word' id='word_1_197' title='bbox 906 1942 1220 1986; x_wconf 87' lang='lat' dir='ltr'><strong>derivationem</strong></span> <span class='ocrx_word' id='word_1_198' title='bbox 1252 1942 1416 1987; x_wconf 85' lang='lat' dir='ltr'><strong>Graeci</strong></span> <span class='ocrx_word' id='word_1_199' title='bbox 1446 1939 1551 1994; x_wconf 84' lang='grc' dir='ltr'><strong><em>λαός</em></strong></span> <span class='ocrx_word' id='word_1_200' title='bbox 1581 1943 1705 2000; x_wconf 87' lang='lat' dir='ltr'><strong>(„po-</strong></span> 
     </span>
     <span class='ocr_line' id='line_1_26' title="bbox 251 2014 1706 2072; baseline 0.001 -17"><span class='ocrx_word' id='word_1_201' title='bbox 251 2014 422 2071; x_wconf 83' lang='lat' dir='ltr'><strong>pulus“)</strong></span> <span class='ocrx_word' id='word_1_202' title='bbox 450 2020 613 2056; x_wconf 87' lang='lat' dir='ltr'><strong>rectam</strong></span> <span class='ocrx_word' id='word_1_203' title='bbox 643 2028 739 2056; x_wconf 86' lang='lat' dir='ltr'><strong>esse</strong></span> <span class='ocrx_word' id='word_1_204' title='bbox 768 2019 1017 2069; x_wconf 83' lang='lat' dir='ltr'><strong>statuamus,</strong></span> <span class='ocrx_word' id='word_1_205' title='bbox 1038 2028 1115 2056; x_wconf 89' lang='lat' dir='ltr'><strong>nos</strong></span> <span class='ocrx_word' id='word_1_206' title='bbox 1132 2014 1315 2071; x_wconf 87' lang='lat' dir='ltr'><strong>impedit</strong></span> <span class='ocrx_word' id='word_1_207' title='bbox 1337 2014 1570 2070; x_wconf 84' lang='lat' dir='ltr'><strong>digamma,</strong></span> <span class='ocrx_word' id='word_1_208' title='bbox 1590 2015 1706 2072; x_wconf 90' lang='lat' dir='ltr'><strong>quod</strong></span> 
     </span>
     <span class='ocr_line' id='line_1_27' title="bbox 252 2083 1707 2142; baseline 0.001 -14"><span class='ocrx_word' id='word_1_209' title='bbox 252 2086 495 2129; x_wconf 83' lang='lat' dir='ltr'><strong>invenimus</strong></span> <span class='ocrx_word' id='word_1_210' title='bbox 529 2087 575 2128; x_wconf 87' lang='lat' dir='ltr'><strong>in</strong></span> <span class='ocrx_word' id='word_1_211' title='bbox 606 2087 758 2129; x_wconf 87' lang='lat' dir='ltr'><strong>formis</strong></span> <span class='ocrx_word' id='word_1_212' title='bbox 786 2083 1027 2142; x_wconf 82' lang='grc' dir='ltr'><em>Λαυαγήτα</em></span> <span class='ocrx_word' id='word_1_213' title='bbox 1058 2087 1127 2140; x_wconf 86' lang='lat' dir='ltr'><strong>(C.</strong></span> <span class='ocrx_word' id='word_1_214' title='bbox 1145 2088 1182 2130; x_wconf 89' lang='lat' dir='ltr'><strong>I.</strong></span> <span class='ocrx_word' id='word_1_215' title='bbox 1201 2087 1327 2142; x_wconf 84' lang='lat'>1456)</span> <span class='ocrx_word' id='word_1_216' title='bbox 1360 2094 1403 2129; x_wconf 89' lang='lat' dir='ltr'><strong>et</strong></span> <span class='ocrx_word' id='word_1_217' title='bbox 1429 2084 1707 2130; x_wconf 64' lang='lat' dir='ltr'><strong>Aasoxcifioev</strong></span> 
     </span>
     <span class='ocr_line' id='line_1_28' title="bbox 253 2154 1707 2215; baseline 0.001 -16"><span class='ocrx_word' id='word_1_218' title='bbox 253 2157 466 2212; x_wconf 84' lang='lat' dir='ltr'><strong>(Priscian</strong></span> <span class='ocrx_word' id='word_1_219' title='bbox 478 2157 514 2209; x_wconf 89' lang='lat' dir='ltr'><strong>I,</strong></span> <span class='ocrx_word' id='word_1_220' title='bbox 534 2157 617 2209; x_wconf 81' lang='lat'>22).</span> <span class='ocrx_word' id='word_1_221' title='bbox 647 2157 799 2215; x_wconf 88' lang='lat' dir='ltr'><strong>Itaque</strong></span> <span class='ocrx_word' id='word_1_222' title='bbox 828 2154 946 2213; x_wconf 78' lang='grc' dir='ltr'><strong><em>λαός,</em></strong></span> <span class='ocrx_word' id='word_1_223' title='bbox 978 2158 1178 2215; x_wconf 90' lang='lat' dir='ltr'><strong>populus,</strong></span> <span class='ocrx_word' id='word_1_224' title='bbox 1203 2174 1227 2200; x_wconf 85' lang='lat' dir='ltr'><strong>a</strong></span> <span class='ocrx_word' id='word_1_225' title='bbox 1258 2158 1420 2213; x_wconf 89' lang='lat' dir='ltr'><strong>radice,</strong></span> <span class='ocrx_word' id='word_1_226' title='bbox 1449 2172 1559 2215; x_wconf 86' lang='lat' dir='ltr'><strong>quae</strong></span> <span class='ocrx_word' id='word_1_227' title='bbox 1591 2158 1707 2200; x_wconf 89' lang='lat' dir='ltr'><strong>inest</strong></span> 
     </span>
     <span class='ocr_line' id='line_1_29' title="bbox 250 2228 1704 2284; baseline 0.001 -14"><span class='ocrx_word' id='word_1_228' title='bbox 250 2228 506 2271; x_wconf 83' lang='lat' dir='ltr'><strong>sanskritico</strong></span> <span class='ocrx_word' id='word_1_229' title='bbox 525 2228 698 2283; x_wconf 69' lang='lat' dir='ltr'><strong>„dasa,“</strong></span> <span class='ocrx_word' id='word_1_230' title='bbox 708 2228 990 2284; x_wconf 86' lang='lat' dir='ltr'><strong>separandum</strong></span> <span class='ocrx_word' id='word_1_231' title='bbox 1019 2242 1113 2270; x_wconf 87' lang='lat' dir='ltr'><strong>esse</strong></span> <span class='ocrx_word' id='word_1_232' title='bbox 1134 2229 1240 2270; x_wconf 84' lang='lat' dir='ltr'><strong>mihi</strong></span> <span class='ocrx_word' id='word_1_233' title='bbox 1258 2243 1512 2284; x_wconf 86' lang='lat' dir='ltr'><strong>persuasum</strong></span> <span class='ocrx_word' id='word_1_234' title='bbox 1536 2230 1675 2272; x_wconf 87' lang='lat' dir='ltr'><strong>habeo</strong></span> <span class='ocrx_word' id='word_1_235' title='bbox 1694 2246 1704 2283; x_wconf 79' lang='lat'>3</span> 
     </span>
     <span class='ocr_line' id='line_1_30' title="bbox 250 2295 1704 2358; baseline 0.001 -18"><span class='ocrx_word' id='word_1_236' title='bbox 250 2299 339 2353; x_wconf 87' lang='lat' dir='ltr'><strong>sed,</strong></span> <span class='ocrx_word' id='word_1_237' title='bbox 370 2306 417 2341; x_wconf 92' lang='lat' dir='ltr'><strong>ut</strong></span> <span class='ocrx_word' id='word_1_238' title='bbox 443 2299 611 2356; x_wconf 90' lang='lat' dir='ltr'><strong>opinor,</strong></span> <span class='ocrx_word' id='word_1_239' title='bbox 657 2299 776 2341; x_wconf 90' lang='lat' dir='ltr'><strong>aliud</strong></span> <span class='ocrx_word' id='word_1_240' title='bbox 803 2295 911 2350; x_wconf 78' lang='grc' dir='ltr'><strong><em>λα’ός</em></strong></span> <span class='ocrx_word' id='word_1_241' title='bbox 945 2299 992 2340; x_wconf 92' lang='lat' dir='ltr'><strong>in</strong></span> <span class='ocrx_word' id='word_1_242' title='bbox 1016 2299 1190 2343; x_wconf 85' lang='lat' dir='ltr'><strong>Graeca</strong></span> <span class='ocrx_word' id='word_1_243' title='bbox 1215 2300 1366 2356; x_wconf 85' lang='lat' dir='ltr'><strong>lingua</strong></span> <span class='ocrx_word' id='word_1_244' title='bbox 1390 2300 1571 2355; x_wconf 84' lang='lat' dir='ltr'><strong>exstitit,</strong></span> <span class='ocrx_word' id='word_1_245' title='bbox 1588 2301 1704 2358; x_wconf 89' lang='lat' dir='ltr'><strong>quod</strong></span> 
     </span>
     <span class='ocr_line' id='line_1_31' title="bbox 250 2371 1705 2430; baseline 0.002 -18"><span class='ocrx_word' id='word_1_246' title='bbox 250 2386 350 2413; x_wconf 92' lang='lat' dir='ltr'><strong>cum</strong></span> <span class='ocrx_word' id='word_1_247' title='bbox 378 2371 495 2413; x_wconf 90' lang='lat' dir='ltr'><strong>idem</strong></span> <span class='ocrx_word' id='word_1_248' title='bbox 523 2372 705 2426; x_wconf 86' lang='lat' dir='ltr'><strong>valeret,</strong></span> <span class='ocrx_word' id='word_1_249' title='bbox 738 2371 853 2430; x_wconf 92' lang='lat' dir='ltr'><strong>quod</strong></span> <span class='ocrx_word' id='word_1_250' title='bbox 880 2372 1047 2427; x_wconf 58' lang='lat' dir='ltr'><strong>„dasaf‘</strong></span> <span class='ocrx_word' id='word_1_251' title='bbox 1067 2371 1360 2415; x_wconf 87' lang='lat' dir='ltr'><strong>similitudinis</strong></span> <span class='ocrx_word' id='word_1_252' title='bbox 1377 2388 1543 2416; x_wconf 85' lang='lat' dir='ltr'><strong>causaa</strong></span> <span class='ocrx_word' id='word_1_253' title='bbox 1561 2372 1705 2416; x_wconf 86' lang='lat' dir='ltr'><strong>Grae—</strong></span> 
     </span>
     <span class='ocr_line' id='line_1_32' title="bbox 250 2439 1702 2500; baseline 0.001 -18"><span class='ocrx_word' id='word_1_254' title='bbox 250 2440 312 2483; x_wconf 92' lang='lat' dir='ltr'><strong>cis</strong></span> <span class='ocrx_word' id='word_1_255' title='bbox 339 2455 435 2483; x_wconf 85' lang='lat' dir='ltr'><strong>cum</strong></span> <span class='ocrx_word' id='word_1_256' title='bbox 464 2441 539 2483; x_wconf 87' lang='lat' dir='ltr'><strong>illo</strong></span> <span class='ocrx_word' id='word_1_257' title='bbox 570 2439 690 2496; x_wconf 75' lang='grc' dir='ltr'><strong><em>λαός,</em></strong></span> <span class='ocrx_word' id='word_1_258' title='bbox 728 2442 843 2499; x_wconf 89' lang='lat' dir='ltr'><strong>quod</strong></span> <span class='ocrx_word' id='word_1_259' title='bbox 883 2443 1095 2499; x_wconf 91' lang='lat' dir='ltr'><strong>populum</strong></span> <span class='ocrx_word' id='word_1_260' title='bbox 1124 2442 1354 2498; x_wconf 84' lang='lat' dir='ltr'><strong>significat,</strong></span> <span class='ocrx_word' id='word_1_261' title='bbox 1397 2457 1571 2500; x_wconf 87' lang='lat' dir='ltr'><strong>semper</strong></span> <span class='ocrx_word' id='word_1_262' title='bbox 1600 2457 1702 2486; x_wconf 89' lang='lat' dir='ltr'><strong>con-</strong></span> 
     </span>
     <span class='ocr_line' id='line_1_33' title="bbox 249 2511 1701 2571; baseline 0.001 -15"><span class='ocrx_word' id='word_1_263' title='bbox 249 2512 525 2568; x_wconf 85' lang='lat' dir='ltr'><strong>fundebatur,</strong></span> <span class='ocrx_word' id='word_1_264' title='bbox 552 2513 612 2554; x_wconf 89' lang='lat' dir='ltr'><strong>ita</strong></span> <span class='ocrx_word' id='word_1_265' title='bbox 640 2520 688 2555; x_wconf 83' lang='lat' dir='ltr'><strong>ut</strong></span> <span class='ocrx_word' id='word_1_266' title='bbox 720 2513 847 2555; x_wconf 85' lang='lat' dir='ltr'><strong>etiam</strong></span> <span class='ocrx_word' id='word_1_267' title='bbox 877 2528 1028 2557; x_wconf 91' lang='lat' dir='ltr'><strong>sensus</strong></span> <span class='ocrx_word' id='word_1_268' title='bbox 1062 2513 1265 2571; x_wconf 83' lang='lat' dir='ltr'><strong>„populi“</strong></span> <span class='ocrx_word' id='word_1_269' title='bbox 1295 2514 1340 2556; x_wconf 90' lang='lat' dir='ltr'><strong>in</strong></span> <span class='ocrx_word' id='word_1_270' title='bbox 1355 2513 1468 2556; x_wconf 89' lang='lat' dir='ltr'><strong>illud</strong></span> <span class='ocrx_word' id='word_1_271' title='bbox 1484 2511 1589 2565; x_wconf 81' lang='grc' dir='ltr'><strong><em>δαός</em></strong></span> <span class='ocrx_word' id='word_1_272' title='bbox 1606 2515 1701 2557; x_wconf 88' lang='lat' dir='ltr'><strong>sive</strong></span> 
     </span>
     <span class='ocr_line' id='line_1_34' title="bbox 247 2582 1701 2642; baseline -0.002 -12"><span class='ocrx_word' id='word_1_273' title='bbox 247 2582 352 2638; x_wconf 72' lang='grc' dir='ltr'><strong><em>λαός</em></strong></span> <span class='ocrx_word' id='word_1_274' title='bbox 380 2585 690 2628; x_wconf 87' lang='lat' dir='ltr'><strong>transferretur</strong></span> <span class='ocrx_word' id='word_1_275' title='bbox 713 2585 829 2642; x_wconf 89' lang='lat' dir='ltr'><strong>quod</strong></span> <span class='ocrx_word' id='word_1_276' title='bbox 848 2585 1082 2628; x_wconf 85' lang='lat' dir='ltr'><strong>daemones</strong></span> <span class='ocrx_word' id='word_1_277' title='bbox 1102 2585 1323 2628; x_wconf 85' lang='lat' dir='ltr'><strong>describit.</strong></span> <span class='ocrx_word' id='word_1_278' title='bbox 1354 2585 1564 2629; x_wconf 87' lang='lat' dir='ltr'><strong>Eiusdem</strong></span> <span class='ocrx_word' id='word_1_279' title='bbox 1587 2586 1701 2630; x_wconf 90' lang='lat' dir='ltr'><strong>simi-</strong></span> 
     </span>
     <span class='ocr_line' id='line_1_35' title="bbox 248 2653 1701 2714; baseline 0.001 -14"><span class='ocrx_word' id='word_1_280' title='bbox 248 2658 443 2701; x_wconf 88' lang='lat' dir='ltr'><strong>litudinis</strong></span> <span class='ocrx_word' id='word_1_281' title='bbox 472 2673 599 2700; x_wconf 85' lang='lat' dir='ltr'><strong>causa</strong></span> <span class='ocrx_word' id='word_1_282' title='bbox 614 2657 777 2701; x_wconf 81' lang='lat' dir='ltr'><strong>Graeci</strong></span> <span class='ocrx_word' id='word_1_283' title='bbox 804 2653 909 2708; x_wconf 87' lang='grc' dir='ltr'><strong><em>λαός</em></strong></span> <span class='ocrx_word' id='word_1_284' title='bbox 938 2664 982 2699; x_wconf 87' lang='lat' dir='ltr'><strong>et</strong></span> <span class='ocrx_word' id='word_1_285' title='bbox 1010 2658 1087 2708; x_wconf 80' lang='grc' dir='ltr'><strong>λᾶς</strong></span> <span class='ocrx_word' id='word_1_286' title='bbox 1117 2658 1265 2714; x_wconf 89' lang='lat' dir='ltr'><strong>(lapis)</strong></span> <span class='ocrx_word' id='word_1_287' title='bbox 1298 2658 1354 2700; x_wconf 91' lang='lat' dir='ltr'><strong>ad</strong></span> <span class='ocrx_word' id='word_1_288' title='bbox 1388 2659 1571 2701; x_wconf 90' lang='lat' dir='ltr'><strong>eandem</strong></span> <span class='ocrx_word' id='word_1_289' title='bbox 1602 2659 1701 2701; x_wconf 85' lang='lat' dir='ltr'><strong>stir-</strong></span> 
     </span>
    </p>
   </div>
   <div class='ocr_carea' id='block_1_3' title="bbox 248 2728 1702 2788">
    <p class='ocr_par' dir='ltr' id='par_1_3' title="bbox 248 2728 1702 2788">
     <span class='ocr_line' id='line_1_36' title="bbox 248 2728 1702 2788; baseline 0 -16"><span class='ocrx_word' id='word_1_290' title='bbox 248 2745 348 2788; x_wconf 88' lang='lat' dir='ltr'><strong>pem</strong></span> <span class='ocrx_word' id='word_1_291' title='bbox 376 2730 575 2773; x_wconf 85' lang='lat' dir='ltr'><strong>referunt</strong></span> <span class='ocrx_word' id='word_1_292' title='bbox 615 2730 671 2772; x_wconf 84' lang='lat' dir='ltr'><strong>cf.</strong></span> <span class='ocrx_word' id='word_1_293' title='bbox 704 2729 831 2772; x_wconf 83' lang='lat' dir='ltr'><strong>Pind.</strong></span> <span class='ocrx_word' id='word_1_294' title='bbox 862 2728 933 2772; x_wconf 89' lang='lat' dir='ltr'><strong>Ol.</strong></span> <span class='ocrx_word' id='word_1_295' title='bbox 966 2730 1006 2773; x_wconf 83' lang='lat'><strong>9.</strong></span> <span class='ocrx_word' id='word_1_296' title='bbox 1033 2730 1102 2772; x_wconf 91' lang='lat'><strong>41.</strong></span> <span class='ocrx_word' id='word_1_297' title='bbox 1159 2730 1211 2773; x_wconf 90' lang='lat' dir='ltr'><strong>cf.</strong></span> <span class='ocrx_word' id='word_1_298' title='bbox 1244 2730 1373 2774; x_wconf 85' lang='lat' dir='ltr'><strong>Ovid.</strong></span> <span class='ocrx_word' id='word_1_299' title='bbox 1404 2732 1507 2775; x_wconf 85' lang='lat' dir='ltr'><strong>Met.</strong></span> <span class='ocrx_word' id='word_1_300' title='bbox 1540 2732 1577 2786; x_wconf 90' lang='lat' dir='ltr'><strong>I,</strong></span> <span class='ocrx_word' id='word_1_301' title='bbox 1605 2731 1702 2787; x_wconf 88' lang='lat'><strong>414,</strong></span> 
     </span>
    </p>
   </div>
   <div class='ocr_carea' id='block_1_4' title="bbox 0 3263 1248 3332">
    <p class='ocr_par' dir='ltr' id='par_1_4' title="bbox 0 3263 1248 3332">
     <span class='ocr_line' id='line_1_37' title="bbox 0 3263 1248 3332; baseline 0 0"><span class='ocrx_word' id='word_1_302' title='bbox 0 3263 1248 3332; x_wconf 95' lang='lat' dir='ltr'><strong> </strong></span> 
     </span>
    </p>
   </div>
   <div class='ocr_carea' id='block_1_5' title="bbox 1771 3317 1984 3330">
    <p class='ocr_par' dir='ltr' id='par_1_5' title="bbox 1771 3317 1984 3330">
     <span class='ocr_line' id='line_1_38' title="bbox 1771 3317 1984 3330; baseline 0 2"><span class='ocrx_word' id='word_1_303' title='bbox 1771 3317 1984 3330; x_wconf 95' lang='lat' dir='ltr'><strong> </strong></span> 
     </span>
    </p>
   </div>
  </div>
 </body>
</html>
