1984 3332
996 200 1051 242 36

287 326 363 363 est
381 318 534 375 αἱρεῖν,
563 321 632 362 cui
662 321 797 363 verbo
829 320 1006 362 intimus
1037 321 1269 363 intercedit
1298 335 1492 365 conexus
1510 321 1745 366 ουιιιέλεῖν

287 393 344 437 cf.
373 392 495 437 Curt.
523 408 566 450 Ρ.
582 391 679 435 490.
747 391 970 435 Habemus
1010 391 1126 435 enim
1170 397 1270 436 ante
1312 388 1451 450 αἱρεῖν
1489 393 1744 451 productio-

285 478 386 507 nem
416 463 562 507 brevis
591 463 792 520 syllabae
821 464 866 505 in
896 464 1066 507 literam
1105 479 1335 507 consonam
1375 465 1590 518 exeuntis,
1633 479 1744 519 quae

286 542 406 579 extat
436 535 593 578 2260:

659 618 934 677 mincia-avoc
961 624 1065 678 νῆᾱς
1093 618 1334 679 αἱρησέμεν.

285 724 429 768 neque
458 710 601 752 minus
630 710 786 753 literae
816 710 972 753 initiali
1000 711 1118 753 favet
1146 712 1286 753 forma
1313 705 1644 766 ἀποαιρεῖσθαι,
1672 712 1745 765 (A

282 781 396 837 230),
443 797 569 838 quam
609 783 729 825 iuxta
756 778 1008 840 ἀφαιρεῖται
1036 783 1081 824 in
1111 783 1265 825 eodem
1293 782 1406 825 libro
1435 782 1550 835 (182)
1578 782 1744 825 inveni-

289 869 399 897 mus.
453 854 644 897 Literam
688 855 899 898 initialem
938 854 1069 897 fuisse
1100 854 1330 910 digamma,
1372 854 1549 912 antiqua
1586 853 1740 901 forma,

290 941 404 982 quae
447 933 513 968 est
541 926 662 981 γέντο
713 928 790 982 (cf.
823 928 948 970 Θ43.
977 931 1023 969 Ν
1030 927 1097 968 25.
1124 930 1162 968 Σ
1173 927 1267 969 476.
1283 927 1396 980 477),
1439 926 1627 969 efficitur
1668 926 1745 980 (cf.

281 997 417 1041 Pohl:
460 998 531 1041 De
572 998 845 1055 digammate
883 998 1128 1041 Homericis
1159 997 1420 1040 carminibus
1462 997 1743 1040 restituendo.

278 1084 366 1126 prs.
401 1070 424 1112 I
470 1086 512 1126 p.
544 1070 617 1126 24)
656 1077 699 1113 et
737 1071 893 1113 Peters
944 1070 973 1111 l.
1004 1085 1039 1111 c.
1071 1085 1112 1126 p.
1148 1070 1187 1112 6.
1257 1069 1347 1111 Iam
1388 1084 1485 1111 cum
1524 1068 1743 1124 digamma

280 1141 324 1181 in
354 1141 489 1183 verbo
521 1137 634 1182 ἑλεῖν
674 1140 981 1197 antiquissimis
1029 1140 1294 1197 temporibus
1330 1130 1520 1182 valuisse
1564 1146 1745 1195 constet,

294 1226 372 1253 cur
418 1226 516 1253 cum
558 1212 764 1253 Bekkero
811 1211 951 1265 πέλωρ
991 1211 1035 1252 in
1076 1211 1339 1253 carminibus
1375 1211 1619 1254 Homericis
1658 1226 1743 1254 non

279 1283 570 1338 restituamus,
601 1297 687 1325 non
710 1282 936 1337 intellego.
1029 1282 1150 1324 Haec
1196 1296 1282 1325 vox
1327 1282 1372 1325 in
1404 1282 1540 1325 Iliade
1570 1288 1745 1339 praeter

281 1354 370 1396 A4
399 1361 442 1396 et
471 1354 610 1397 E684
654 1355 784 1396 etiam
824 1354 989 1410 legitur
1014 1356 1053 1396 E
1063 1354 1159 1396 488.
1203 1354 1347 1407 P151,
1396 1354 1470 1397 ubi
1514 1355 1740 1411 quominus

279 1443 302 1468 ν
333 1422 640 1483 ἐφελκυστικόν
672 1426 905 1479 deleamus,
935 1439 1063 1468 nemo
1093 1440 1171 1468 nos
1215 1425 1475 1483 prohibebit,
1520 1433 1563 1469 et
1594 1427 1742 1470 P667.

279 1497 377 1541 Uno
419 1504 583 1539 tantum
629 1497 728 1539 loco
770 1499 826 1551 (Σ
846 1497 919 1551 93)
960 1495 1072 1551 ἕλωρ
1114 1496 1334 1552 digamma
1374 1498 1596 1555 aspernari
1624 1499 1743 1541 vide-

279 1576 368 1626 tur3
416 1570 477 1613 ibi
514 1570 629 1612 euim
673 1570 862 1625 legimus
892 1565 1168 1624 Πατρόκλοιο
1210 1569 1247 1612 δ’
1287 1568 1440 1626 ἕλωρα,
1487 1570 1602 1627 quod
1640 1585 1738 1612 cum

280 1641 486 1684 Bekkero
517 1642 559 1684 in
591 1637 851 1696 Πατρόκλου
882 1640 929 1683 δὲ
958 1640 1128 1695 πέλωρα
1156 1641 1408 1683 mutandum
1441 1641 1534 1684 erit.

414 1724 526 1766 Tum
558 1724 684 1766 nobis
713 1723 934 1780 agendum
965 1731 1031 1766 est
1062 1725 1115 1766 de
1145 1724 1294 1776 B216,
1328 1724 1402 1766 ubi
1431 1724 1641 1780 legimus:

654 1809 848 1866 ἔμμεναι.
879 1807 1103 1864 αἴσχιστος
1129 1810 1177 1854 δὲ
1203 1806 1321 1868 οἷνήρ.

280 1900 476 1956 Hiatum,
505 1900 577 1957 qui
604 1901 650 1942 in
682 1901 749 1942 his
780 1900 924 1942 verbis
955 1907 1086 1953 extat,
1115 1915 1138 1942 e
1166 1900 1292 1942 litera
1320 1900 1513 1957 spiranti,
1530 1916 1613 1959 qua
1629 1895 1737 1957 οἷνήρ

280 1972 362 2015 fuit
389 1973 663 2026 instructum,
691 1972 847 2014 iustam
878 1979 1028 2029 petere
1063 1972 1407 2028 excusationem,
1442 1987 1506 2028 ea,
1536 1987 1645 2030 quae
1677 1987 1742 2016 se·-

281 2043 440 2101 quitur,
474 2042 765 2100 disputatione
797 2057 866 2085 me
887 2043 1280 2086 demonstraturum
1302 2058 1398 2086 esse
1420 2058 1562 2101 spero.
1591 2044 1741 2101 Itaque

280 2130 369 2158 non
396 2129 504 2173 opus
535 2122 611 2167 est,
640 2114 694 2157 ad
724 2115 887 2158 hiatum
918 2114 1246 2169 removendum,
1285 2115 1419 2157 verba
1447 2111 1668 2169 αἴσχιστος
1693 2116 1741 2159 δὲ

279 2183 385 2245 ἀνήρ
413 2187 458 2230 in
487 2183 709 2241 αἴσχιστος
738 2186 786 2231 δέ
813 2188 848 2230 τ’
880 2182 988 2246 οἷνήρ
1020 2193 1202 2240 mutare,
1244 2186 1288 2229 id
1329 2187 1444 2244 quod
1474 2187 1626 2244 Lange
1657 2194 1739 2230 sta-

280 2260 363 2302 tuit
398 2260 473 2314 (cf.
505 2259 799 2315 Nagelbach’s
829 2261 1183 2314 Anmerkungen
1226 2276 1302 2302 zur
1340 2259 1456 2315 Ilias,
1494 2260 1739 2303 bearbcitet

279 2347 365 2374 von
394 2331 661 2375 Autenrieth
681 2332 791 2375 1864
818 2348 860 2390 p.
877 2331 992 2388 258).
1052 2331 1113 2376 Ut
1141 2345 1297 2374 vocem
1327 2325 1429 2387 ἀνήρ
1464 2347 1489 2373 a
1522 2331 1738 2386 digammo

279 2403 556 2446 inchoavisse
619 2403 813 2446 dieamus
828 2436 841 2457 ,
909 2420 989 2446 nos
1051 2409 1229 2445 monent
1271 2417 1366 2445 cum
1412 2402 1543 2447 Dion.
1579 2404 1678 2446 Hal.
1717 2404 1739 2446 I

279 2491 317 2518 c.
350 2475 407 2517 20
421 2508 434 2529 ‚
491 2476 564 2531 qui
594 2476 726 2519 tradit
773 2501 828 2506 —
872 2477 1002 2519 τοῦτο
1048 2476 1283 2531 (στοιχεῖον
1327 2475 1372 2529 st)
1418 2474 1454 2517 δ’
1496 2465 1547 2531 ἦν
1589 2471 1737 2532 ὥσπερ

278 2543 426 2603 γάμμα
454 2547 619 2599 διτταῖς
650 2546 723 2590 ἐπὶ
749 2547 853 2603 μίαν
883 2542 1025 2604 ὀρθὴν
1044 2543 1399 2603 ἐπιζευγνύμευον
1417 2549 1512 2597 ταῖς
1526 2546 1737 2602 πλαγίαις·

279 2615 340 2670 ὥς
379 2619 528 2675 πελένη
566 2620 638 2662 καὶ
676 2616 813 2673 ,τάναξ
837 2619 907 2662 καὶ
941 2621 1093 2670 ι-οῖκος
1120 2618 1191 2661 καὶ
1217 2616 1350 2675 ,τανὴρ
1379 2618 1449 2661 καὶ
1478 2615 1621 2661 πολλὰ
1645 2635 1736 2663 τοι-

277 2691 398 2744 αὗτα,
428 2696 520 2733 tum
549 2697 809 2746 argumenta
839 2696 881 2733 et
911 2704 967 2733 ex
999 2690 1105 2747 ipsis
1132 2689 1392 2732 carminibus
1411 2689 1657 2732 Homericis
1691 2698 1734 2735 et

277 2777 301 2804 e
331 2762 580 2817 linguarum
598 2762 921 2819 comparatione
940 2762 1136 2819 repetita.
1169 2761 1346 2805 Curtius
1367 2761 1539 2818 quidem
1563 2767 1618 2819 (p.
1631 2763 1732 2818 276)
