1984 3332
844 250 895 292 31

278 372 376 416 Hoc
406 373 656 430 exemplum
698 372 796 416 ideo
838 371 941 414 mihi
982 371 1257 415 afferendum
1301 385 1396 415 esse
1440 370 1603 430 putavi,

149 444 268 500 quod
303 446 457 488 eodem
489 446 618 489 certis
649 445 921 501 argumentis
950 444 1027 487 illa
1044 444 1255 487 sententia
1270 444 1480 500 firmatur,
1495 457 1604 501 quae

147 515 193 558 in
222 516 303 560 hac
343 517 546 561 universa
593 518 848 574 quaestione
889 516 1016 559 nobis
1050 516 1244 560 tenenda
1287 522 1366 572 est,
1406 516 1604 572 linguam

148 589 194 630 in
228 604 385 632 vocum
414 590 671 632 formatione
699 604 788 632 non
820 605 909 632 uno
932 595 1083 632 tenore
1104 589 1281 644 antiqua
1301 589 1473 644 tollere,
1491 602 1604 631 nova

147 660 356 719 recipere,
389 661 466 704 sed
499 661 655 704 eodem
683 661 826 715 modo,
857 676 941 717 quo
973 661 1132 704 sensim
1154 661 1404 718 sensimque
1426 660 1604 719 antiqua

148 733 378 790 opprimat,
409 748 521 776 nova
550 734 828 776 introducere
849 735 903 789 1);
933 733 1077 789 itaque
1105 733 1230 776 nobis
1259 748 1348 775 non
1375 732 1604 775 offensioni

147 818 243 847 esse
274 804 416 859 debet,
446 804 563 861 quod
592 804 749 860 reliqui
775 805 875 859 loci,
920 805 994 847 ubi
1024 819 1177 847 vocem
1205 800 1299 855 υἱός
1325 805 1370 846 in
1405 804 1604 847 carmini-

148 876 229 918 bus
288 876 527 919 Homericis
565 877 844 931 invenimus,
899 876 1151 919 memoriam
1198 876 1400 933 spirantis
1454 876 1604 918 literae

147 963 236 992 non
264 955 560 1004 servaverunt,
592 948 672 992 sed
703 963 749 992 se
779 948 897 1007 ipsos
923 949 980 992 ab
1011 949 1162 992 eadem
1192 948 1356 991 alienos
1383 949 1605 1007 praestite-

147 1028 260 1075 runt,
293 1037 391 1065 cum
422 1022 462 1065 ei
492 1023 591 1076 loci,
622 1022 696 1065 ubi
732 1019 1036 1065 auctoritatem
1067 1022 1252 1065 literaes
1270 1022 1460 1065 nondum
1479 1022 1604 1065 amis-

149 1109 238 1136 sam
268 1108 363 1136 esse
396 1094 798 1148 demonstravimus,
841 1093 1097 1150 antiquioris
1125 1094 1270 1150 poesis
1298 1109 1421 1136 usum
1453 1094 1605 1137 imitati

148 1167 244 1209 sint.
297 1166 666 1223 Aequabilitatem
701 1167 759 1208 ibi
790 1180 878 1208 non
909 1167 1143 1209 restituere
1173 1166 1395 1221 debemus,
1420 1166 1497 1209 ubi
1526 1181 1604 1224 per

147 1239 321 1293 linguae
353 1245 548 1282 naturam
576 1255 665 1282 non
696 1240 812 1283 licet.
844 1238 917 1282 Ad
940 1240 1051 1282 hanc
1069 1238 1327 1281 sententiam
1348 1238 1602 1281 firmandam

147 1309 313 1366 aliquot
343 1311 547 1366 exempla
578 1311 768 1354 afferam.
843 1310 1074 1352 Bekkerus
1122 1311 1167 1351 in
1196 1310 1333 1351 altera
1364 1310 1602 1352 carminum

149 1381 483 1424 Homericorum
515 1382 704 1426 editione
734 1382 870 1426 P279
899 1382 959 1424 ita
986 1381 1119 1437 legit:

257 1450 392 1507 Αἴας,
423 1450 471 1505 ὃς
497 1453 601 1508 περὶ
632 1453 711 1508 μὲν
738 1453 901 1508 Ὲεῖὁος,
932 1453 1036 1506 περὶ
1061 1453 1097 1495 δ’
1131 1450 1233 1508 ἔργα
1263 1452 1470 1495 τέτυκται.

149 1525 421 1581 Quamquam
453 1526 554 1568 satis
581 1514 767 1577 constat,
796 1540 926 1568 voces
955 1519 1083 1576 εἶδος,
1126 1530 1169 1567 et
1213 1523 1338 1580 ἔργον
1366 1524 1481 1581 apud
1510 1525 1606 1568 Ho-

148 1611 312 1639 merum
343 1598 469 1640 litcra
498 1598 685 1641 Aeolica
716 1598 851 1641 fuisse
879 1598 1125 1651 instructas,
1156 1598 1231 1652 (cf.
1264 1597 1429 1640 Hoffm.
1457 1598 1486 1640 1.
1503 1613 1539 1640 ο.
1558 1598 1605 1641 II

147 1683 189 1725 p.
204 1669 271 1710 24.
300 1684 341 1725 p.
358 1669 425 1713 28.
488 1670 666 1712 Peters:
719 1669 1006 1723 Quaestiones
1035 1669 1358 1725 etymologicae
1387 1675 1430 1712 et
1456 1684 1606 1724 gram-

147 1739 327 1782 maticae
357 1739 412 1783 de
444 1756 523 1783 usu
564 1747 607 1783 et
636 1741 679 1783 vi
709 1741 983 1796 digammatis
1026 1740 1204 1796 eiusque
1237 1740 1604 1784 immutationibus

147 1810 191 1853 in
222 1810 371 1866 lingua
403 1811 589 1855 Graeca.
616 1811 736 1868 Lips.
754 1811 875 1854 1864.
906 1827 947 1868 p.
967 1811 1031 1853 13.
1063 1825 1105 1867 p.
1120 1811 1189 1865 15)
1221 1817 1363 1854 tamen
1396 1811 1479 1853 hoc
1506 1811 1603 1854 loco

149 1881 260 1923 nihil
292 1887 457 1924 mutare
485 1881 720 1936 debemus;
752 1881 828 1924 sed
844 1881 970 1924 nobis
991 1881 1267 1924 statuendum
1284 1887 1362 1936 est,
1388 1881 1606 1938 digamma.

149 1951 194 1993 in
223 1966 329 1994 voce
363 1950 489 2008 ἔργον
520 1967 571 1995 eo
600 1959 814 2010 tempore,
838 1966 923 2009 quo
950 1952 1022 1994 hic
1038 1967 1188 1994 versus
1208 1953 1489 2008 condebatur,
1519 1954 1603 1997 iam

150 2024 195 2066 in
226 2039 276 2067 eo
307 2025 456 2081 fuisse,
495 2032 542 2067 ut
577 2026 795 2081 digamma
830 2040 1008 2082 prorsus
1039 2032 1361 2082 aspernaretur,
1403 2025 1519 2081 quod
1547 2020 1605 2068 εἷ-

150 2095 239 2150 δος,
268 2111 367 2138 cum
396 2096 652 2152 antiquioris
682 2096 828 2154 poesis
849 2096 1205 2139 consuetudinem
1225 2103 1495 2153 sequeretur,
1514 2110 1603 2139 ser-

151 2166 279 2208 vavit.
320 2154 392 2222 (ct‘.
421 2168 631 2210 Leskien:
679 2167 921 2222 Rationem,
963 2182 1088 2223 quam
1121 2168 1155 2210 Ι.
1185 2168 1362 2210 Bekker
1401 2169 1446 2211 in
1476 2169 1604 2211 resti-

151 2238 314 2281 tuendo
346 2238 564 2294 digammo
596 2245 768 2281 secutus
799 2244 879 2294 est,
917 2238 1192 2283 examinavit.
1251 2238 1300 2282 L.
1330 2239 1448 2296 Lips.
1480 2239 1601 2283 1866.

286 2438 318 2481 1)
343 2437 389 2472 ef.
416 2437 584 2472 Curtius:
612 2437 688 2471 Zur
705 2436 952 2482 Chronologie
978 2437 1044 2472 der
1065 2436 1603 2482 indo-germ.Sprachforschg.

151 2511 187 2545 p.
206 2501 270 2535 32:
300 2500 389 2536 »Die
412 2500 574 2546 Spraehe
599 2500 703 2546 giebt
728 2500 847 2536 seiten
860 2500 1001 2544 Etwas,
1028 2511 1099 2535 was
1124 2500 1176 2535 sie
1204 2500 1339 2535 einmal
1360 2499 1500 2546 gehabt
1522 2500 1599 2542 hat,

152 2563 268 2609 vollig
293 2563 360 2598 auf
365 2577 374 2609 ;
397 2564 466 2599 wie
495 2564 561 2599 das
574 2564 676 2600 Neue
700 2564 834 2599 immer
857 2575 905 2599 an
929 2564 994 2598 das
1018 2564 1091 2599 alte
1116 2563 1282 2608 ankniift,
1304 2575 1344 2599 so
1355 2563 1497 2599 kommt
1509 2564 1602 2600 auch

152 2626 218 2662 <las
243 2627 378 2663 alteste
402 2628 506 2664 nicht
529 2629 654 2674 leicht,
681 2640 721 2664 so
748 2641 794 2663 zu
819 2640 944 2674 sagen,
968 2639 1033 2663 aus
1058 2627 1125 2663 der
1149 2627 1271 2662 Mode.
1335 2627 1387 2663 Es
1423 2628 1502 2663 halt
1524 2627 1602 2663 sich

151 2691 285 2738 irgend
313 2692 381 2727 wie
411 2693 602 2729 bisweilen
636 2692 782 2728 freilieh
817 2704 889 2727 nur
917 2692 957 2727 in
980 2692 1099 2727 einem
1138 2691 1394 2737 verborgenen
1418 2691 1566 2727 Winkel
1583 2706 1599 2723 ι

155 2755 249 2790 »Das
276 2755 490 2801 Aufspiiren
515 2757 612 2792 alter
633 2757 841 2802 Bildungen
867 2756 1049 2792 zwisehen
1071 2756 1255 2801 jiingeren
1278 2754 1372 2791 wird
1399 2754 1515 2791 daher
1538 2756 1604 2791 im-

152 2828 231 2852 mer
254 2818 336 2853 eine
362 2818 647 2864 Hauptaufgabe
670 2820 736 2855 des
759 2818 1087 2865 Sprachforsehers
1113 2819 1222 2852 seins
