1984 3332
954 151 1004 194 71

516 280 570 320 H
594 276 690 319 306.
713 272 777 318 τώ
807 274 856 319 δὲ
881 272 1196 329 διακρινθέντε
1229 269 1255 315 ὁ
1282 270 1362 326 μὲν

515 353 567 397 Λ
586 349 681 394 378.
713 348 760 394 ἐν
783 347 880 407 γαίῃ
908 345 1175 404 κατέπηκτο.
1214 341 1239 388 ὁ
1273 343 1322 388 δὲ

516 425 554 467 Ο
587 423 682 466 447.
713 419 810 479 ἡνία
836 420 983 475 χερσὶν
1016 417 1183 473 ἔχοντα.
1215 415 1240 460 ὁ
1264 417 1343 472 μὲν

514 497 552 538 Σ
583 495 681 538 434.
708 489 852 538 πολλὰ
878 488 964 549 μάλ
1002 486 1081 536 οὐκ
1109 488 1339 535 ἐθέλουσα.
1362 485 1386 533 ὁ
1414 487 1507 544 μὲν.

253 566 311 610 cf.
344 565 504 610 Hoffm.
521 567 545 609 Ι
570 582 614 625 p.
628 566 695 609 88.
712 566 778 610 89.
816 565 994 608 Hiatum
1023 563 1225 606 illicitum
1252 562 1387 605 efficit

521 642 562 680 T
587 638 654 681 93.
684 636 883 679 πίλναται
898 631 989 678 ἀλλ’
1005 651 1089 691 αρα
1104 632 1191 691 ἥγε.
1224 635 1281 677 cf.
1299 633 1465 676 Hoffm.
1477 634 1501 676 1
1529 647 1572 689 p
1590 609 1660 674 93.

382 709 583 762 Accedit,
599 709 713 767 quod
732 707 983 766 saepissime
997 713 1097 749 ante
1117 705 1233 748 idem
1268 718 1510 786 pronomen
1538 702 1715 746 inveni-

253 797 352 825 mus
373 781 679 838 productiones
699 780 896 822 brevium
926 778 1206 834 syllabarum,
1227 791 1336 834 quae
1354 776 1400 819 in
1417 775 1591 818 literam
1608 788 1709 817 con-

255 867 402 896 sonam
433 857 608 895 exeunt.
635 851 710 896 Sic
736 851 925 906 legimus
953 850 1004 893 in*
1026 863 1202 892 caesura
1228 846 1599 905 semiseptenaria,
1626 860 1713 901 qua

255 938 414 968 versus
443 923 548 968 sede
577 922 904 982 productionem
949 920 1147 965 excusari
1177 934 1265 963 non
1312 933 1440 979 posse
1478 933 1610 977 supra
1651 918 1713 960 vi-

255 996 419 1039 dimus:

516 1069 558 1110 Ω
584 1067 680 1110 470.
716 1067 794 1111 [δα
803 1069 872 1111 ἴαν
898 1066 946 1111 δὲ
972 1067 1063 1110 κατ’
1094 1057 1204 1109 αὖθι
1229 1065 1377 1108 λίπὲν·
1410 1060 1432 1107 t‘
1462 1062 1523 1107 δὲ.

383 1140 436 1183 In
467 1153 646 1182 caesura
674 1138 979 1197 semiquinaria
1005 1140 1162 1182 breves
1190 1137 1384 1193 syllabae
1402 1134 1714 1193 producuntur

252 1217 352 1254 ante
384 1211 468 1254 hoc
496 1224 761 1269 pronomen:

511 1285 565 1325 A
588 1281 684 1326 342.
712 1284 807 1334 τοῖς
840 1275 1014 1333 ἄλλοις·
1049 1272 1077 1337 ἧ
1106 1272 1190 1337 γὰρ
1224 1277 1251 1325 ὅ
1279 1282 1335 1337 y’·

513 1356 565 1397 A
592 1353 685 1398 168.
714 1350 876 1409 ἱέμενοι
905 1350 1083 1405 πόλιός·
1115 1351 1139 1397 ὁ
1167 1352 1215 1397 δὲ

586 1425 681 1469 674.
711 1421 823 1481 ῥύσι’
852 1421 1154 1480 ἑλαυνόμενός·
1182 1421 1206 1468 ὃ
1236 1425 1272 1468 δ’

515 1500 573 1540 M
583 1496 681 1541 288.
715 1493 761 1540 αἱ
788 1496 868 1552 μὲν
892 1490 959 1553 ἄρ’
990 1496 1034 1549 ἐς
1066 1498 1241 1553 Τρῶᾶς·
1270 1494 1315 1539 αὶ
1346 1492 1384 1541 δ’
1414 1497 1473 1541 ἐκ.

514 1568 557 1615 Ξ
611 1569 676 1612 11.
705 1569 848 1626 χαλκῷ
878 1572 1155 1626 παμφαῖνόν·
1188 1565 1212 1611 ὁ
1242 1569 1279 1611 δ’
1314 1567 1372 1622 ἔχ’

519 1644 558 1684 Ρ
585 1639 678 1683 196.
710 1639 845 1696 πατρὶ
869 1640 985 1699 φίλῳ
1016 1637 1206 1695 ἔπορόν·
1236 1637 1261 1684 ὁ
1289 1641 1326 1684 δ’
1357 1634 1445 1695 ἄρα

514 1712 664 1755 Τ367.
696 1711 783 1755 δῦν’
813 1705 918 1765 ἷίχος
944 1705 1145 1768 ὄτλητόν·
1176 1708 1200 1754 ὁ
1229 1712 1266 1754 δ’
1297 1705 1381 1767 ἷίρα

521 1788 560 1826 Y
578 1783 674 1827 239.
701 1780 967 1840 Ἀσσάρακος
996 1783 1044 1827 δὲ
1074 1779 1254 1826 Κάπῦν·
1286 1780 1311 1826 ὃ
1341 1784 1379 1826 δ’
1410 1778 1476 1838 ὄὶρ.

582 1856 679 1899 472.
709 1857 859 1910 θυμοῦ
885 1852 1139 1910 δεύομενόν·
1169 1851 1194 1897 ὁ
1223 1855 1271 1897 δὲ

579 1925 676 1969 481.
706 1922 873 1981 πρόσθ’
905 1922 1049 1980 ὁρόων
1073 1921 1268 1969 θάνατόν
1284 1937 1293 1947 ·
1326 1922 1350 1967 ὁ
1380 1924 1427 1968 δὲ

515 2002 557 2040 Φ
587 1998 679 2041 118.
709 1998 761 2041 δῦ
790 1997 918 2055 ξίφος
942 1997 1163 2055 ἆμφῆκές’
1195 1994 1219 2040 ὃ
1247 1998 1284 2040 δ’
1316 1990 1401 2052 ὄὶρα

515 2071 559 2111 Ψ
584 2069 676 2112 779.
705 2065 767 2121 ὥς
793 2060 905 2126 ἦλθε
936 2065 1191 2126 φθάμενός·
1222 2066 1246 2111 ὁ
1275 2068 1324 2111 δὲ

248 2140 372 2184 Idem
405 2147 472 2183 est
501 2141 547 2183 in
577 2155 757 2184 caesura
785 2140 1105 2184 semiternaria:

511 2216 559 2255 H
577 2212 674 2256 416.
704 2206 857 2264 Ἰδαῖὄς
884 2209 908 2255 o‘
938 2212 974 2255 δ’
1004 2205 1059 2267 ι’ἱρ

508 2288 550 2326 Ζ
573 2283 668 2327 240.
697 2284 768 2327 καὶ
794 2280 977 2335 πόσιᾶς·
1005 2280 1029 2326 ὃ
1061 2284 1097 2327 δ’
1134 2281 1290 2328 ἔπειτα

516 2358 561 2398 Ψ
574 2355 667 2398 756.
695 2350 963 2409 Ἀντίλοχὸς·
994 2352 1018 2398 ὁ
1046 2354 1137 2411 γὰρ.

379 2427 669 2471 Hoffmannus
699 2426 876 2482 quidem
903 2430 959 2486 (p.
984 2427 1080 2482 102)
1112 2426 1448 2483 semiquinariae
1489 2431 1532 2469 et
1576 2426 1700 2469 semi—

248 2498 461 2541 ternariae
487 2497 818 2557 productionem
846 2511 927 2557 per
958 2512 1005 2541 se
1035 2500 1148 2542 bene
1183 2504 1302 2544 stare
1341 2498 1498 2553 firmat,
1541 2498 1617 2540 sed
1663 2498 1701 2540 si

247 2571 461 2628 exempla,
490 2570 644 2630 quibus
675 2571 932 2614 sententiam
959 2587 1080 2614 suam
1107 2572 1257 2615 iuvare
1286 2571 1391 2625 vult,
1428 2569 1699 2629 inspicimus,

247 2642 462 2687 maximae
492 2656 643 2685 eorum
670 2641 784 2701 parti
813 2642 967 2686 literae
993 2643 1206 2702 spirantes
1221 2648 1385 2686 rectam
1412 2641 1602 2686 afferunt
1624 2656 1699 2686 ex·

244 2716 535 2775 plicationem,
560 2715 604 2758 id
632 2716 748 2775 quod
779 2720 930 2772 postea
956 2715 1247 2760 ostendemus.
1277 2715 1431 2775 Itaque
1460 2714 1566 2766 mihi
1597 2729 1697 2773 per-
