1984 3332
1009 172 1065 214 30

310 293 731 352 impatientissimam
777 307 872 337 esse
901 293 1190 337 Hoffmannus
1217 294 1242 337 I
1283 295 1400 352 p.54
1439 295 1590 340 docet:
1643 298 1698 340 cf.
1730 298 1772 341 Ω

313 366 406 409 122.
436 360 527 420 ἷξεν
557 366 594 408 δ’
626 365 670 417 ἐς
693 365 860 422 κλισίην
887 367 968 409 ,τοῦ
997 362 1125 416 υἱέος.
1193 367 1247 409 In
1277 367 1386 409 thesi
1419 369 1609 411 secunda
1639 369 1771 427 diph-

313 440 505 496 thongus
537 455 588 482 ov
619 438 797 495 longam
825 453 871 483 se
902 444 1115 496 praestat:

643 546 680 588 O
696 544 793 588 522.
833 541 902 588 εἷὀι
930 542 1122 590 Πάνθου
1148 542 1254 590 υἱόν.

632 616 725 659 Ρ9.
829 612 923 661 οὔδ’
955 611 1044 674 ἄρα
1071 615 1262 662 Πάνθου
1292 615 1399 669 υἱός.

721 689 787 731 23.
816 686 950 733 ὅσσον
979 687 1166 734 Πάνθου
1198 684 1317 742 υἷες.

730 761 797 803 59.
826 764 950 804 τοῖον
977 759 1165 805 Πάνθου
1190 754 1296 806 υἱόν.

309 859 484 905 Deinde
512 861 555 902 in
586 860 723 901 altera
752 859 865 901 thesi
907 861 1043 903 semel
1089 861 1388 918 diphthongus
1430 878 1470 904 οι
1499 861 1765 919 producitur,

311 932 384 990 (cf.
406 931 567 975 Hoffm.
596 946 637 988 p.
655 930 729 983 57)
762 930 877 986 quod
902 931 951 973 fit
980 938 1080 974 ante
1110 928 1216 975 υἱόν.
1246 933 1321 975 cf.:

703 1015 756 1055 A
766 1013 861 1057 505.
891 1013 1073 1070 τίμησον
1103 1031 1180 1069 μοι
1209 1012 1316 1058 υἱόν.

315 1086 406 1128 Iam
435 1085 471 1129 si
500 1084 822 1128 consideramus
853 1099 876 1127 e
910 1086 1253 1141 quattuordecim
1283 1086 1370 1130 illis
1400 1087 1628 1144 exemplis,
1673 1087 1765 1142 qui-

308 1159 388 1201 bus
420 1156 711 1200 Hoffmannus
742 1156 785 1210 (I
814 1171 856 1214 p.
876 1157 948 1212 56)
992 1157 1312 1215 diphthongum
1351 1174 1402 1201 ov
1443 1158 1577 1201 thesis
1618 1158 1762 1201 locum

310 1229 581 1272 obtinentem
612 1227 939 1286 productionem
973 1243 1147 1272 servare
1177 1244 1304 1287 posse
1326 1230 1505 1274 efficere
1526 1231 1634 1284 vult,
1657 1244 1763 1287 quo-

308 1316 494 1357 rumque
525 1302 742 1343 maximae
771 1302 885 1357 parti
913 1302 1059 1344 literas
1089 1302 1304 1359 spirantes
1337 1318 1356 1344 s
1387 1309 1429 1344 et
1453 1302 1470 1357 j
1504 1303 1662 1344 iustum
1702 1302 1762 1343 af·

306 1374 423 1417 ferre
463 1372 674 1415 auxilium
704 1387 768 1428 ea,
799 1387 907 1429 quae
939 1374 1149 1430 sequitur,
1180 1373 1470 1432 disputatione
1499 1374 1762 1417 demonstra*

305 1445 460 1499 bimus,
490 1445 682 1502 quinque
713 1459 865 1487 vocem
882 1442 976 1496 υἱός
991 1446 1110 1487 illam
1128 1445 1446 1502 diphthongum
1470 1445 1759 1503 excipientem

309 1517 533 1574 praebere,
561 1530 645 1558 non
677 1531 903 1574 possumus
931 1517 1088 1572 facere,
1118 1517 1221 1572 quin
1250 1516 1361 1559 hanc
1393 1516 1616 1559 metricam
1649 1515 1759 1559 diffi-

305 1588 527 1642 cultatem,
559 1602 667 1644 quae
697 1588 872 1630 duriore
903 1588 1189 1645 productione
1210 1588 1470 1646 diphthongi
1489 1605 1540 1631 ov
1557 1588 1760 1641 efficitur,

306 1661 341 1704 si
374 1676 463 1704 non
496 1662 608 1703 forte
641 1668 778 1703 ortam
808 1675 904 1703 esse
933 1661 1147 1714 volumus,
1191 1661 1404 1716 originem
1435 1660 1612 1703 duxisse
1644 1659 1757 1702 dica·

306 1748 401 1775 mus
436 1748 459 1775 e
489 1738 645 1774 natura
675 1732 793 1773 vocis
821 1728 929 1786 υἱός,
959 1746 1068 1789 quae
1098 1731 1199 1774 olim
1231 1723 1356 1774 litera
1385 1731 1537 1774 initiali
1568 1737 1661 1774 erat
1688 1731 1753 1774 in-

300 1809 485 1857 structa3
535 1803 642 1845 haec
673 1802 813 1857 litera,
857 1803 937 1844 etsi
982 1809 1132 1859 postea
1164 1817 1186 1844 e
1222 1802 1420 1846 Graecae
1462 1802 1639 1858 linguae
1671 1816 1757 1844 me-

300 1875 437 1917 moria
467 1873 655 1927 evanuit,
686 1879 829 1916 tamen
862 1873 1027 1916 eisdem
1057 1874 1149 1916 fere
1178 1874 1459 1931 temporibus,
1493 1873 1648 1930 quibus
1679 1888 1756 1915 an-

304 1946 421 2001 tiqua
453 1945 576 2002 epica
609 1945 752 2001 poesis
778 1944 972 1998 florebat,
1018 1950 1180 1986 tantam
1221 1945 1306 1986 vim
1348 1944 1514 2002 primae
1561 1945 1757 2000 syllabae
1786 1957 1790 1961 ’

299 2016 417 2059 vocis
447 2013 539 2067 υἱός
568 2016 815 2071 reliquerat,
858 2022 905 2057 ut
935 2015 1254 2073 diphthongum
1292 2016 1420 2057 etiam
1450 2016 1582 2058 thesis
1612 2016 1756 2058 locum

301 2087 569 2146 obtinentem
622 2086 736 2143 apud
783 2087 1025 2129 Homerum
1069 2087 1323 2144 productam
1375 2101 1551 2130 servare
1595 2093 1753 2144 posset.

301 2157 375 2201 Sic
407 2158 536 2200 etiam
567 2157 843 2214 productioni
882 2158 1070 2200 enclitici
1109 2154 1151 2201 οἱ
1192 2173 1300 2216 quac
1341 2152 1560 2201 invenitur
1609 2174 1633 2200 ν
1660 2158 1754 2200 343.

301 2230 461 2272 iustum
489 2229 697 2272 auxilium
726 2231 929 2287 affertur3
975 2245 1058 2287 quo
1102 2245 1230 2273 versu
1261 2230 1547 2286 antiquiorem
1580 2228 1754 2284 dicendi

299 2301 530 2343 formulam
558 2301 769 2343 contineri
803 2302 907 2344 mihi
943 2309 1010 2345 est
1042 2317 1309 2359 persuasum,
1340 2317 1437 2344 cum
1460 2308 1503 2343 et
1530 2302 1548 2357 j
1584 2301 1647 2356 (in
1678 2297 1747 2344 ὅτι

300 2372 357 2414 cf.
386 2386 428 2428 p.
445 2372 518 2427 94)
558 2378 601 2414 et
629 2388 656 2414 s
686 2377 729 2414 et
760 2387 779 2413 s
808 2371 853 2413 in
883 2373 965 2415 hoc
994 2387 1080 2415 uno
1111 2387 1241 2415 versu
1270 2372 1457 2415 valuisse
1487 2378 1667 2415 constet.

421 2441 667 2486 'Praeterea
708 2442 1004 2500 diphthongus
1047 2459 1112 2497 ov,
1157 2443 1192 2485 si
1234 2444 1341 2486 arsis
1384 2444 1528 2486 locum
1571 2443 1753 2498 obtinet,

299 2528 428 2572 saepe
458 2520 560 2557 ante
587 2510 681 2565 υἱός
723 2513 981 2571 producitur
1018 2514 1071 2557 cf.
1101 2518 1141 2557 B
1161 2515 1253 2558 705.
1287 2515 1449 2558 M129.
1472 2515 1565 2557 182.
1597 2519 1643 2558 Ν
1658 2515 1751 2559 185.

304 2586 457 2629 41391.
474 2587 579 2640 4723
627 2585 744 2643 quod
771 2591 1074 2641 argumentum
1105 2587 1158 2629 ad
1201 2586 1372 2629 literam
1412 2587 1624 2630 initialem
1651 2588 1750 2630 voci

296 2655 392 2710 υἱός
440 2658 746 2701 vindicandam
775 2672 862 2701 non
900 2659 1083 2701 multum
1124 2660 1268 2701 valere
1309 2661 1500 2716 ingenue
1542 2660 1752 2717 profiteor

296 2733 355 2776 cf.
389 2731 551 2774 Hoffm.
575 2731 608 2774 I.
639 2746 679 2788 p.
698 2730 764 2774 60.
