1984 3332
886 233 942 299 95,

186 361 251 400 est
268 356 303 413 j,
332 368 563 399 removere
596 359 796 411 possunt.
855 354 950 395 Iam
982 367 1112 410 supra
1141 351 1336 410 spiritum
1368 367 1568 410 asperum
1598 353 1645 396 in

185 427 334 484 ἕτερος
357 442 513 470 munus
542 426 695 468 literae
724 425 928 483 spirantis
943 426 959 481 j
978 425 1219 483 suscepisse
1237 424 1645 480 demonstravimus,

184 514 328 556 neque
358 500 502 542 minus
534 504 650 540 certe
681 503 864 551 constat,
911 497 1148 554 spirantem
1188 497 1422 555 palatalcm
1461 497 1506 538 in
1533 510 1643 538 voce

184 567 410 625 εἶνάτερες,
456 584 584 625 quam
615 569 843 610 Bekkerus
874 567 981 610 falso
1029 567 1156 609 litera
1182 568 1369 610 Aeolica
1425 567 1644 620 instruxit,

183 643 392 697 valuisse3
441 637 654 697 εἰνάτερες
692 640 806 683 enim
835 639 991 683 Latino
1025 639 1297 696 „janitrices“
1343 644 1545 682 accurate
1573 653 1641 681 re·

182 714 369 772 spondet
398 714 453 756 cf.
481 713 601 756 Gurt.
638 728 679 769 p.
699 712 792 755 276.
851 712 1006 755 Peters
1042 713 1071 755 l.
1102 727 1139 755 c.
1188 728 1229 769 p.
1251 712 1316 754 19.
1371 712 1523 767 Itaque
1554 726 1641 754 me-

183 781 291 824 trica
333 781 414 824 ista
457 781 705 837 difficultas,
755 796 864 840 quae
893 786 943 824 X
953 782 1036 824 473
1080 782 1370 840 productione
1411 783 1530 825 vocis
1571 782 1643 825 καὶ

182 853 333 907 oritur,
363 853 553 910 spirante
581 854 754 909 palatali
782 859 1042 905 removetur,
1068 854 1271 911 idemque
1296 860 1361 896 est
1378 859 1420 896 Z
1434 855 1529 897 378.
1544 855 1639 898 383.

182 924 336 980 9769,
367 925 441 968 ubi
473 925 682 982 particula
709 918 741 981 ἤ
766 925 811 967 in
841 925 967 967 tertia
995 925 1106 968 thesi
1146 932 1245 968 ante
1280 923 1509 981 εἰνατέρων
1544 941 1642 983 pro-

181 996 432 1040 ductionem
462 1004 611 1040 servat
642 998 688 1039 in
717 997 794 1040 illa
821 998 1021 1051 formula,
1051 1011 1158 1052 quae
1191 1003 1275 1040 est:

235 1091 384 1134 2378.
415 1085 469 1146 ἦέ
498 1107 562 1147 πῃ
594 1089 640 1142 ἐς
666 1087 833 1147 γαλόων
857 1086 886 1146 ἢ
915 1086 1146 1144 εἷνατέρων
1172 1085 1410 1133 εὐπέπλων

236 1167 277 1205 Z
287 1163 382 1205 383.
415 1156 514 1206 οὔτε
543 1178 606 1220 πῃ
640 1161 684 1214 ἐς
711 1158 881 1219 γαλόων
906 1155 934 1204 ν’
1020 1196 1041 1217 ,,
1237 1196 1257 1217 „
1406 1161 1639 1217 (Bekker2)

234 1234 377 1277 52769.
408 1234 573 1289 δαέρων
603 1227 630 1291 ἤ
654 1230 823 1290 γαλόων
854 1227 884 1290 ἢ
1017 1268 1037 1288 ,,
1233 1267 1253 1286 „

309 1328 385 1371 Ad
413 1329 584 1371 literam
607 1330 625 1384 j
658 1329 932 1385 confugimus
960 1331 1003 1371 A
1028 1328 1081 1371 75
1122 1335 1166 1371 et
1208 1328 1252 1375 Ξ
1275 1329 1368 1378 182,
1407 1328 1483 1370 ubi
1513 1328 1637 1370 Hoff-

178 1414 337 1442 manno
369 1400 477 1442 duce
517 1401 578 1457 (p.
607 1400 674 1442 92.
703 1400 775 1454 93)
818 1405 935 1442 extat
979 1399 1118 1442 hiatus
1148 1400 1337 1443 illicitus.
1412 1399 1480 1442 Ibi
1522 1399 1637 1442 enim

175 1471 386 1528 legimus:

572 1549 670 1598 οἷον
697 1555 735 1597 δ’
762 1549 925 1610 οἷστέρα
954 1544 1029 1610 ἧκε

571 1626 616 1669 ἐν
643 1626 679 1669 δ’
714 1620 797 1682 ἄρα
824 1624 987 1683 ἕρματα
1016 1617 1127 1683 ἧκεν.

306 1713 424 1757 Loco
455 1714 600 1772 priore
631 1715 880 1758 Bekkerus2
909 1709 1049 1770 ἀστέρ’
1096 1712 1193 1771 ἕηκε
1239 1714 1403 1768 scribit,
1450 1728 1533 1769 qua
1571 1714 1633 1756 le-

177 1788 320 1830 ctione
347 1802 435 1830 non
466 1802 574 1845 opus
605 1794 682 1831 est.

307 1860 402 1903 Iam
434 1854 724 1904 Hoffmannus
752 1861 800 1904 II
827 1876 869 1918 p.
890 1860 945 1903 25
972 1860 1153 1902 verbum
1181 1858 1302 1914 ἵεμαι
1331 1858 1448 1917 apud
1476 1858 1635 1901 Home·-

175 1946 273 1973 rum
320 1931 448 1974 litera
490 1932 669 1989 spiranti
707 1932 951 1989 praeditum
981 1931 1113 1973 fuisse
1159 1931 1373 1985 ostendit3
1420 1929 1637 1986 digamma

178 2009 319 2046 autem
353 2003 398 2046 in
428 2004 510 2046 hac
540 2019 649 2048 voce
674 2004 874 2057 valuisse,
906 2003 1069 2059 linguis
1099 2003 1294 2059 cognatis
1320 2017 1409 2046 non
1428 2002 1637 2054 firmatur,

174 2074 320 2133 itaque
350 2076 476 2118 aliam
506 2076 637 2118 fuisse
668 2083 834 2119 constat
861 2080 1096 2133 spirantem
1126 2075 1311 2128 literam,
1338 2090 1448 2132 quae
1478 2075 1522 2119 in
1553 2076 1635 2119 hoc

172 2146 310 2190 verbo
337 2147 426 2190 vim
454 2163 574 2190 suam
605 2148 798 2191 nondum
829 2147 1044 2189 amiserat.
1119 2146 1370 2204 Spirantem
1409 2148 1426 2203 j
1469 2147 1514 2190 in
1558 2147 1637 2189 hac

173 2232 284 2261 voce
318 2225 462 2276 partes
488 2220 641 2262 literae
670 2220 846 2263 initialis
885 2219 1123 2277 suscepisse
1155 2219 1332 2263 Curtius
1365 2218 1636 2262 demonstra-

173 2290 236 2333 vit
264 2292 320 2334 cf.
351 2307 390 2349 p.
406 2292 501 2336 359.
559 2292 640 2336 Ille
671 2293 737 2335 vir
769 2292 934 2348 doctus,
963 2308 1063 2335 cum
1089 2293 1185 2349 ῗημι
1215 2307 1239 2335 e
1272 2291 1406 2350 stirpe
1438 2291 1539 2348 „jffl‘
1568 2305 1632 2335 re-

174 2363 479 2421 duplicatione,
492 2364 545 2407 de
563 2379 647 2422 qua
665 2365 866 2407 conferas
883 2364 1120 2408 Christium
1142 2364 1241 2420 (Gr.
1251 2365 1445 2408 Ltlehre.
1464 2379 1506 2421 p.
1521 2365 1634 2421 153),

171 2435 375 2490 adhibita,
416 2444 559 2480 ortum
598 2452 693 2480 esse
729 2438 895 2493 doceat,
932 2438 991 2479 ita
1019 2445 1066 2480 ut
1093 2437 1189 2493 ῗημι
1217 2437 1335 2481 vices
1364 2437 1531 2480 formae
1548 2437 1633 2493 jaj-

174 2506 258 2549 ami
287 2514 425 2565 gerat,
461 2509 561 2552 huic
589 2510 724 2553 verbo
766 2510 1127 2566 significationem
1168 2509 1430 2552 causativam
1468 2509 1635 2565 tribuit,

172 2577 232 2620 ita
258 2585 306 2620 ut
333 2579 429 2635 ἵημι
457 2595 584 2623 sensu
618 2581 837 2638 primitivo
869 2581 985 2623 idem
1018 2582 1175 2632 valeat,
1212 2581 1350 2638 quod:
1391 2581 1459 2623 ioh
1488 2582 1635 2624 macha

170 2649 319 2706 gehen,
358 2651 427 2693 iclz
467 2654 680 2697 entsende.
749 2653 849 2708 Qua
876 2652 932 2696 de
960 2668 1089 2696 causa
1117 2653 1308 2695 medium
1337 2653 1465 2697 huius
1507 2654 1630 2697 verbi

171 2721 233 2764 sic
248 2729 465 2766 vertamus
480 2739 660 2769 necesse
677 2732 764 2768 est:
795 2726 914 2779 „sich
946 2726 1083 2768 wohin
1105 2728 1151 2767 in
1166 2725 1414 2783 Beweqwnq
1446 2728 1629 2768 sewen!

171 2795 402 2849 Quomodo
432 2804 573 2840 autem
603 2814 660 2841 ex
691 2799 772 2842 hac
799 2799 975 2843 notione
1008 2799 1064 2842 ad
1103 2805 1264 2842 motum
1302 2799 1497 2858 corporis
1529 2814 1628 2859 spe·
