1984 3332
954 176 1032 218 111

271 299 411 344 forma
444 300 679 355 notatam,
709 314 818 356 quae
847 299 893 342 in
920 297 1202 356 inscriptione
1224 296 1470 352 Corcyraea
1497 294 1716 338 invenitur

273 373 330 417 ef.
359 373 622 429 Savelsberg
646 372 674 417 l.
699 386 736 416 e.
767 372 791 415 I
818 387 860 430 p.
876 373 914 415 7.
972 370 1096 414 Idem
1126 370 1194 412 vir
1225 369 1375 412 doctus
1401 368 1448 423 (l.
1479 378 1521 412 c.'
1554 382 1640 427 prs.
1669 367 1716 411 H

273 445 399 503 p,22)
432 445 485 487 ab
511 445 592 487 hao
620 444 759 487 forma
789 443 1012 500 profectus
1037 442 1287 498 genetivum
1319 440 1362 482 in
1392 456 1460 484 oto
1490 446 1532 482 et
1560 455 1614 482 αο
1644 439 1714 481 de-

273 517 483 561 sinentem
514 531 569 560 ex
600 532 702 567 0503
733 522 775 558 et
799 530 906 566 afog
935 514 1151 572 explicare
1181 520 1373 566 conatur,
1400 528 1497 556 eum
1529 512 1607 555 hos
1637 525 1714 569 ge-

271 589 439 632 netivos
471 588 623 631 eodem
651 587 820 641 suffixo,
850 602 933 643 quo
962 586 1171 629 adiectiva
1198 583 1393 642 neom-63,
1423 583 1605 636 zoam-bg
1628 587 1715 637 (κο-

270 655 415 712 λοβός)
460 659 668 701 formatos
694 671 789 700 esse
819 662 985 700 statuat.
1061 657 1150 702 Sed
1190 672 1285 699 eum
1321 657 1536 699 TtamaJ-o
1576 655 1714 698 solum

271 730 327 773 sit
355 731 617 787 exemplum,
658 744 741 786 quo
779 728 992 785 digamma
1028 729 1072 770 in
1110 729 1191 770 hoo
1222 744 1321 770 casu
1361 728 1547 770 valuisse
1575 734 1715 770 osten-

273 801 403 858 ditur,
445 818 532 846 non
575 801 739 856 dubito,
785 801 887 857 quin
921 799 1097 844 Curtius
1134 802 1190 844 cf.
1221 800 1364 859 p.534
1405 807 1522 843 recta
1565 800 1716 843 ductus

271 875 326 917 sit
355 876 575 930 sertentia,
617 890 711 918 oum
747 875 859 918 hanc
889 874 1066 917 formam
1113 874 1174 917 eis
1205 873 1418 931 exemplis
1447 873 1717 928 adnumeret,

274 948 318 990 in
352 947 518 1005 quibus,
547 948 583 990 si
616 948 669 991 ad
698 948 821 1005 loges
853 963 1004 991 vocum
1024 946 1297 991 formationis
1317 954 1569 1004 spectamus,
1592 946 1717 989 litera

272 1020 457 1062 Aeolica
501 1035 586 1062 non
617 1021 776 1063 iustum
805 1021 947 1062 locum
981 1020 1159 1062 obtinet.
1218 1019 1403 1062 Accedit
1445 1018 1559 1061 aliud
1589 1033 1714 1075 argu--

269 1097 487 1145 mentum;
530 1106 615 1133 non
647 1091 758 1134 enim
789 1092 1007 1134 invenitur
1036 1091 1081 1132 in
1115 1091 1264 1146 lingua
1295 1090 1448 1132 Latina
1474 1089 1716 1144 genetivus,

271 1163 344 1220 qui
378 1164 534 1206 suffixo
569 1166 696 1219 „vas“
727 1165 932 1207 formatus
960 1163 1026 1219 sit,
1069 1177 1165 1206 oum
1197 1162 1543 1205 terminationem
1574 1162 1714 1219 „ajasss

272 1234 299 1276 i.
331 1248 367 1278 e.
400 1238 577 1292 „asyas“
606 1235 663 1278 ibi
692 1236 876 1278 valuisse
904 1236 1032 1278 certis
1062 1251 1164 1278 usus
1194 1234 1457 1291 argumentis
1487 1233 1715 1276 ostendere

274 1307 447 1363 possim.
481 1307 552 1352 Sic
583 1307 799 1363 antiquam
829 1308 1020 1364 genetivi
1045 1308 1226 1350 formam
1260 1306 1567 1363 „Prosepnaiff
1595 1306 1716 1359 (Pro--

270 1378 487 1436 serpinae)
500 1379 707 1437 (cf.Corp.
724 1381 859 1440 Inser.
873 1381 963 1423 latt.
978 1380 1049 1436 Ip.
1059 1380 1142 1423 554
1154 1379 1238 1424 No.
1248 1380 1317 1425 57)
1327 1394 1349 1421 e
1360 1379 1715 1436 „Prosepnayaffl

276 1458 410 1493 ortam
443 1467 537 1494 esse
574 1459 754 1506 constat,
780 1468 876 1495 eum
909 1455 1017 1509 „ya“
1047 1454 1124 1495 int
1146 1452 1453 1495 debilitaretur.
1485 1453 1712 1506 Quomodo

269 1537 326 1566 ex
354 1523 433 1567 hae
461 1524 651 1580 genetivi
681 1526 819 1567 forma
849 1525 1090 1568 terminatio
1128 1526 1231 1579 „ae“
1271 1524 1484 1581 originem
1528 1523 1714 1579 duxerit,

269 1595 457 1637 ostendit
488 1596 677 1639 Corssen
708 1597 735 1637 1.
767 1612 802 1638 c.
833 1596 854 1637 I
886 1612 926 1653 p.
949 1597 1040 1639 184.

400 1667 565 1711 Eodem
580 1669 737 1712 suffixo
766 1668 1015 1723 genetivum
1027 1668 1230 1712 Latinum
1252 1670 1297 1711 in
1328 1669 1341 1711 i
1371 1676 1600 1711 exeuntem
1630 1669 1714 1712 for-

272 1745 430 1781 matum
462 1753 555 1782 esse
583 1740 687 1782 mihi
715 1754 963 1798 persuasum
996 1740 1145 1783 habeo.
1197 1739 1260 1784 Ut
1289 1740 1401 1782 enim
1431 1740 1714 1783 nominativus

270 1812 462 1868 pluralis,
479 1813 551 1867 qui
568 1812 673 1864 „eis,
689 1812 743 1863 ei,
772 1813 810 1853 i“
829 1813 1017 1869 praebet,
1038 1827 1093 1855 ex
1106 1813 1347 1868 antiquiore
1369 1813 1485 1867 „ois“
1504 1814 1713 1868 originem

269 1883 406 1938 duxit,
426 1884 481 1928 cf.
499 1882 688 1927 Corssen
716 1884 743 1927 1.
761 1899 798 1927 o.
811 1886 833 1929 I
847 1900 888 1942 p.
905 1884 998 1927 220.
1027 1884 1283 1930 Schleieher
1302 1885 1542 1943 Compend.
1564 1900 1605 1942 p.
1619 1885 1714 1941 534,

274 1955 334 1997 ita
363 1957 489 1997 etiam
508 1956 735 2011 genetivus
760 1956 996 2011 singularis
1024 1957 1069 1998 in
1099 1957 1113 1997 i
1145 1957 1344 1998 desinens
1381 1971 1436 1998 ex
1474 1957 1713 2014 antiquiore

269 2027 408 2070 forma
439 2051 490 2058 —
529 2026 644 2083 »οἰδα
690 2026 864 2086 prodiit,
912 2043 1007 2071 eum
1037 2027 1077 2071 oi
1108 2028 1153 2070 in
1182 2028 1194 2070 i
1233 2035 1481 2084 mutaretur,
1523 2035 1650 2088 atque
1681 2046 1714 2085 s,

271 2099 386 2155 quod
428 2100 569 2141 adhuc
614 2107 827 2142 servatum
855 2108 921 2142 est
949 2101 993 2142 in
1038 2100 1152 2144 Osca
1187 2102 1324 2142 forma
1354 2103 1565 2155 „suveis“,
1597 2109 1639 2144 et
1669 2104 1713 2143 in

275 2169 487 2215 Umbrieo
518 2171 742 2230 „puples“‚
772 2171 1052 2215 amitteretur.
1108 2171 1163 2217 of.
1195 2172 1436 2215 Biioheler:
1477 2172 1715 2217 Grundriss

269 2243 348 2286 der
379 2244 450 2287 lat.
466 2243 744 2288 Declination
759 2258 800 2301 p.
817 2244 882 2287 36.
918 2243 1107 2288 Corssen
1134 2245 1161 2287 l.
1178 2260 1214 2287 o.
1232 2245 1253 2287 1
1281 2260 1323 2302 p.
1339 2245 1431 2289 223.
1461 2244 1714 2289 Schleicher

270 2314 506 2373 Compend.
536 2331 577 2375 p.
595 2316 691 2362 558.
736 2316 861 2359 Hanc
889 2323 1031 2359 autem
1061 2316 1409 2360 terminationem
1439 2318 1574 2372 ‚‚6is“,
1605 2333 1713 2376 quae

269 2389 419 2432 eadem
456 2390 635 2444 ratione,
671 2405 754 2446 qua
773 2390 887 2446 „ais“
905 2390 950 2432 in
974 2391 1304 2448 „Prosepnaisf‘
1336 2393 1519 2434 formata
1549 2398 1627 2447 est,
1657 2406 1713 2434 ex

266 2462 428 2518 „ayas“
454 2462 680 2520 prodiisse,
711 2463 805 2519 quis
832 2469 910 2518 est,
940 2463 1011 2519 qui
1044 2463 1212 2519 neget?

398 2535 488 2577 Iam
527 2550 625 2578 cum
664 2536 1113 2588 demonstraverimus,
1154 2551 1178 2578 o
1216 2536 1407 2593 genetivi
1443 2552 1499 2580 ex
1534 2553 1587 2593 „a
1609 2550 1637 2580 4-
1664 2537 1714 2580 s“

268 2614 407 2650 ortum
437 2622 547 2663 esse,
578 2623 717 2663 eausa,
748 2596 832 2664 qua
862 2608 1025 2652 firmior
1053 2615 1204 2651 natura
1232 2608 1358 2651 huius
1386 2609 1550 2652 vocalis
1579 2611 1712 2652 eonti-

268 2686 408 2735 netur,
447 2694 533 2724 non
573 2672 904 2723 nobis'oeculta
947 2688 1023 2724 est.
1102 2682 1392 2736 Quamobrem
1436 2681 1517 2725 iste
1559 2681 1711 2735 hiatus,

269 2767 395 2808 quem
423 2754 529 2796 haec
557 2753 681 2796 litera
723 2754 919 2796 effecisse
962 2753 1145 2807 videtur,
1191 2755 1312 2797 nobis
1354 2770 1441 2797 non
1483 2755 1712 2799 offensioni
