1984 3332
987 205 1013 246 6

270 329 368 365 tura
397 331 591 382 apparet.
663 327 718 368 In
763 324 885 368 libris
916 324 1121 368 Zendicis
1164 324 1417 367 Thraetona
1453 323 1723 376 daemonem,

272 395 345 453 qui
375 396 623 439 nominatur
654 397 776 451 „azhi
803 396 1016 451 dahakff,
1045 396 1174 439 etiam
1198 395 1426 449 interficit3
1457 395 1553 438 azhi
1581 402 1724 439 autem

271 467 454 509 eandem
496 467 676 525 stirpem
706 468 994 526 amplectitur,
1036 481 1146 524 quae
1173 468 1287 510 inest
1317 466 1411 509 voci
1442 467 1726 509 sanskriticae

273 539 412 592 „ahi.“
478 539 591 584 Cum
622 541 669 582 in
698 540 864 583 vedicis
896 540 1070 597 hymnis
1099 540 1188 582 vim
1234 539 1489 593 naturalem,
1534 553 1645 597 quae
1680 538 1726 580 in

272 611 358 652 hoc
389 612 542 666 mytho
568 613 700 665 valet,
742 612 955 654 sinceram
1000 618 1126 667 atque
1157 611 1429 668 purissimam
1469 611 1594 653 nobis
1636 624 1724 653 ser-

275 688 418 725 vatam
449 696 546 725 esse
577 689 760 738 constet,
797 684 842 725 in
879 683 1071 727 Zendica
1104 683 1224 741 poesi
1252 682 1306 724 ad
1337 681 1727 726 considerationem

273 760 454 797 naturae
483 755 897 811 contemplationem
928 756 982 797 ab
1024 754 1178 797 ethicis
1219 753 1440 812 principiis
1486 754 1725 811 profectam

271 826 483 869 accedere
514 840 678 882 negare
711 841 799 869 non
829 841 1072 883 possumus,
1116 840 1225 882 quae
1266 840 1364 868 cum
1398 824 1604 881 paulatim
1633 839 1727 868 sen-

273 913 369 939 sum
398 898 655 951 naturalem,
702 898 775 953 qui
805 898 957 954 mytho
988 903 1137 941 nostro
1180 897 1417 953 antiquitus
1457 896 1726 940 describeba-

273 975 359 1023 tur,
399 975 645 1024 superaret,
688 969 844 1011 eodem
878 970 1030 1025 mytho
1059 984 1135 1012 usa
1175 975 1253 1023 est,
1298 968 1352 1011 ad
1396 983 1587 1025 pugnam
1624 968 1728 1010 boni

273 1039 479 1094 malique,
509 1054 593 1094 qua
622 1040 820 1082 homines
850 1040 896 1082 in
925 1040 1055 1082 terris
1084 1054 1258 1097 semper
1300 1046 1401 1082 sunt
1429 1038 1600 1094 illigati,
1630 1038 1727 1080 illu-

272 1111 505 1154 strandam.
584 1111 696 1154 Azhi
742 1111 856 1153 enim
886 1111 1067 1166 dahaka,
1114 1111 1186 1167 qui
1229 1111 1459 1168 puritatem
1495 1110 1579 1165 (zd.
1607 1109 1728 1164 asha)

272 1184 300 1225 i.
332 1197 369 1226 e.
401 1184 563 1226 bonum
590 1183 635 1225 in
667 1183 827 1226 mundo
859 1183 1007 1225 delere
1040 1183 1146 1236 vult,
1176 1198 1201 1224 a
1230 1183 1491 1236 Thraetena,
1528 1181 1728 1240 puritatis

274 1254 521 1309 defensore,
550 1255 751 1298 vincitur.
832 1255 922 1297 Iam
954 1254 1009 1297 ad
1038 1254 1206 1311 epicam
1238 1254 1391 1312 poesin
1424 1255 1614 1296 animum
1654 1255 1728 1297 ad-

273 1332 503 1381 vertamus,
539 1341 647 1383 quae
676 1326 801 1369 nobis
834 1332 1004 1369 servata
1037 1332 1103 1369 est
1136 1326 1182 1368 in
1198 1326 1390 1370 Firdusii
1420 1326 1547 1379 libro,
1571 1325 1645 1381 qui
1664 1332 1730 1368 est

274 1398 525 1456 inscriptus:
572 1397 821 1441 Shahname
858 1398 902 1452 (i.
934 1412 971 1440 e.
1003 1412 1158 1454 regum
1188 1396 1332 1453 liber).
1405 1397 1495 1440 Hic
1523 1396 1730 1441 Feredun

275 1469 355 1511 sub
380 1475 583 1523 tyranno,
614 1469 687 1525 qui
719 1469 968 1511 nominatur
987 1469 1210 1522 „Zohak“,
1225 1468 1427 1511 nascitur.
1457 1469 1569 1523 Quia
1588 1474 1729 1511 autem

276 1541 555 1583 Feredunem
584 1555 723 1595 regno
754 1540 928 1596 tyranni
955 1540 1194 1597 perniciem
1225 1540 1474 1582 moliturum
1500 1554 1595 1582 esse
1611 1545 1731 1582 vates

280 1612 548 1665 cecinerunt,
591 1612 740 1655 Zohak
790 1611 855 1652 illi
897 1625 1033 1668 puero
1079 1610 1247 1653 insidiis
1294 1611 1517 1664 collocatis
1562 1617 1730 1669 patrem

275 1682 356 1726 filii
400 1683 496 1726 loco
524 1682 748 1725 interficit.
803 1683 1024 1735 Feredun,
1055 1689 1103 1725 ut
1132 1688 1298 1739 patrem
1327 1682 1577 1737 ulciscatur,
1608 1698 1731 1726 excr-

276 1755 366 1797 citu
413 1760 576 1807 coacto,
610 1754 720 1796 duce
750 1754 934 1796 Kaweio
964 1754 1139 1809 (Kawe)
1185 1761 1334 1797 contra
1367 1770 1513 1798 arcem
1543 1756 1729 1799 Zohakii

274 1826 578 1884 proficiscitur,
631 1840 773 1882 quam,
824 1842 923 1868 cum
964 1833 1176 1883 tyrannus
1205 1841 1293 1870 non
1336 1826 1461 1881 adsit,
1505 1843 1591 1870 una
1634 1843 1729 1870 cum

275 1898 394 1941 illius
426 1897 637 1941 uxoribus
673 1904 842 1955 captam
874 1898 917 1942 in
950 1914 1069 1941 suam
1111 1898 1324 1942 dicionem
1368 1899 1544 1956 redigit.
1620 1899 1731 1942 Tum

276 1969 415 2011 victor
446 1969 652 2011 Feredun
682 1975 930 2025 tyrannum,
961 1970 1033 2026 qui
1062 1971 1196 2026 venit,
1227 1977 1275 2012 ut
1305 1985 1448 2013 arcem
1479 1978 1522 2013 et
1570 1984 1729 2014 uxores

276 2056 423 2084 rursus
455 2040 653 2097 recipiat,
696 2041 819 2082 clava
849 2042 1120 2084 vulneratum
1159 2042 1204 2084 in
1249 2049 1412 2094 monte,
1457 2043 1530 2098 qui
1572 2043 1732 2086 dicitur

278 2112 550 2167 Demavend‚
582 2119 754 2170 captum
788 2119 922 2169 tenet,
963 2129 1059 2156 cum
1087 2119 1262 2157 auctore
1292 2114 1437 2170 genio,
1480 2115 1553 2172 qui
1594 2114 1733 2157 nomi—

277 2190 403 2226 natur
440 2185 666 2239 Serosh1),
700 2199 798 2227 eum
828 2186 1013 2228 interfici
1037 2192 1170 2241 vetet,
1207 2192 1336 2242 atque
1387 2186 1507 2242 regis
1552 2201 1732 2230 munere

276 2255 393 2313 apud
424 2257 581 2299 Persas
609 2256 818 2313 fungitur.
889 2257 1042 2300 Zohak
1089 2263 1300 2313 tyrannus
1340 2257 1386 2300 in
1428 2258 1509 2300 hoc
1539 2258 1732 2301 carmine

279 2327 452 2369 easdem
491 2333 637 2385 partes
680 2329 871 2386 suscipit,
898 2344 1027 2386 ‘quas
1074 2330 1119 2370 in
1162 2329 1286 2371 libris
1317 2329 1519 2372 Zendicis
1568 2329 1733 2372 obtinet

278 2400 392 2443 Azhi
424 2399 605 2454 dahaka,
635 2405 764 2456 atque
795 2415 842 2443 re
874 2415 979 2443 vera
1004 2400 1112 2443 illud
1138 2414 1297 2444 nomen
1320 2401 1473 2445 Zohak
1499 2416 1523 2445 e
1551 2400 1732 2445 zendica

276 2486 386 2515 voce
415 2472 664 2515 mutilatum
696 2486 791 2515 esse
822 2477 999 2516 constat.
1059 2472 1108 2516 Si
1136 2473 1262 2517 nobis
1290 2487 1377 2516 non
1406 2473 1549 2518 vedici
1578 2474 1731 2531 hymni

412 2629 447 2669 1)
471 2626 538 2662 Ille
562 2627 692 2671 genius
714 2627 753 2662 in
777 2610 884 2662 libris
908 2627 1080 2663 Zendicis
1106 2628 1317 2673 ‚,Graosha“
1342 2628 1491 2671 dicitur,
1524 2641 1544 2664 e
1570 2640 1643 2674 quo
1665 2641 1732 2666 no-

274 2689 373 2724 mine
399 2700 470 2725 vox
494 2689 680 2734 „Serosh“
706 2689 889 2736 originem
914 2690 1019 2727 ducit
1047 2690 1094 2727 cf.
1119 2691 1229 2727 Iusti:
1279 2691 1485 2729 Handbuoh
1518 2692 1586 2728 der
1606 2692 1729 2728 Zend-

275 2753 433 2798 sprache
455 2766 493 2799 p.
512 2755 592 2788 306.
