1984 3332
964 203 1045 245 110

277 322 378 378 dige
407 322 527 367 Skrt.
562 324 642 369 Gr.
663 324 746 367 300
778 324 859 368 No.
883 324 939 378 1),
967 337 990 366 c
1018 323 1302 381 productione
1332 323 1494 368 vocalis
1526 339 1552 366 a
1580 324 1720 382 perlu-

276 394 372 438 cide
401 403 596 453 apparet,
644 397 810 439 literam
853 411 1084 439 consonam
1131 395 1358 450 excidisse,
1404 409 1528 452 quae,
1571 410 1669 439 cum
1699 411 1721 437 e

274 466 426 523 lingua
457 475 748 523 evanesceret,
778 467 832 511 ad
860 468 993 526 ipsius
1016 468 1224 511 iacturam
1244 467 1608 526 compensandam
1625 482 1720 524 pro-

273 538 522 582 ductionem
551 540 709 583 vocalis
741 557 766 583 a
795 541 940 583 effecit
967 541 1041 595 (cf.
1067 539 1124 583 K.
1141 540 1189 583 Z.
1201 538 1287 582 XV
1304 555 1345 598 p.
1362 539 1482 594 410);
1516 554 1641 597 quam
1673 539 1715 581 li·

275 616 408 652 teram
432 612 630 654 amissam
647 613 720 665 „s“
738 613 868 655 fuisse
893 619 941 655 ut
969 613 1174 667 dicamus,
1209 627 1288 655 nos
1320 619 1467 654 monet
1494 611 1723 666 genetivus

276 682 467 724 feminini
484 684 674 739 generis,
705 683 819 740 quod
850 698 1024 741 semper
1057 683 1216 726 formas
1245 682 1491 726 masculinis
1521 682 1721 732 fortiores

274 754 472 798 servavit.
505 754 578 797 Ad
607 769 699 797 rem
728 754 1026 797 illustrandam
1044 755 1291 814 exemplum
1308 756 1506 808 afferam3
1537 755 1720 810 „civas‚“

273 829 388 884 quod
426 835 492 872 est
530 830 754 872 masculini
790 830 992 885 generis,
1034 829 1284 886 genetivum
1333 828 1557 885 „civasyff
1596 827 1720 870 nobis

273 902 414 955 offert,
448 917 543 944 cum
576 901 759 955 „civasf‘
792 902 907 959 quod
938 908 1002 944 est
1032 901 1300 956 femininum,
1339 901 1566 958 „civayaff
1598 914 1719 958 prae-

272 975 384 1017 beat.
442 975 493 1016 In
538 974 763 1029 „civayaffl
809 975 934 1017 litera
977 975 1139 1017 vocalis
1182 976 1257 1029 „a“
1298 974 1560 1030 producitur,
1606 972 1720 1031 quod

270 1045 377 1088 haec
406 1045 543 1087 forma
575 1059 597 1087 e
634 1045 880 1102 „civasyaffl
925 1052 1018 1088 orta
1051 1051 1127 1088 est.
1197 1046 1246 1091 Si
1287 1052 1428 1088 autem
1472 1046 1718 1102 „civasyas“

271 1118 453 1159 formam
486 1117 745 1174 primitivam
776 1132 854 1175 pro
886 1117 1115 1173 „civasya“
1157 1118 1291 1160 fuisse
1332 1123 1509 1171 constat,
1549 1124 1719 1159 senten-

268 1190 341 1244 tia,
383 1206 508 1247 quam
537 1191 595 1233 M.
626 1190 784 1232 Miiller
828 1191 1032 1243 (Science
1064 1191 1113 1233 of
1136 1191 1355 1246 lang-uage
1385 1191 1407 1234 I
1451 1206 1492 1247 p.
1526 1189 1623 1242 106)
1662 1189 1716 1232 de

269 1261 438 1319 origine
467 1261 594 1305 huius
622 1261 813 1318 genetivi
842 1261 1036 1320 protulit,
1079 1261 1206 1304 etiam
1249 1261 1457 1305 firmatur.
1524 1260 1715 1305 Demon-

267 1335 417 1377 stravit
444 1335 558 1376 enim
574 1335 648 1376 ille
680 1335 746 1375 vir
777 1335 940 1389 doctus,
975 1335 1170 1376 intimum
1204 1349 1417 1377 conexum
1447 1334 1717 1377 intercedere

267 1406 380 1449 inter
408 1407 673 1463 genetivum,
699 1406 744 1449 in
776 1408 906 1462 „sya“
939 1405 1223 1461 desinentem,
1247 1412 1374 1464 atque
1402 1405 1614 1449 adiectiva
1633 1406 1715 1449 suf-

266 1479 353 1522 fixo
376 1481 517 1535 '„sya“
547 1481 744 1533 formata,
776 1479 917 1535 qualia
947 1485 1047 1521 sunt
1069 1493 1339 1535 „namasyas,
1360 1478 1715 1521 venerabundus“

268 1557 311 1591 et
340 1550 642 1606 „manushyas,
675 1551 934 1603 humanus;“
977 1550 1012 1592 si
1053 1550 1230 1605 linguae
1263 1549 1461 1594 Graecae
1502 1549 1714 1592 rationem

266 1621 486 1676 habemus,
515 1622 743 1677 genetivus
763 1618 918 1679 δήμοιο
949 1622 994 1676 (i.
1011 1636 1047 1665 e.
1079 1618 1278 1678 δημόσιο)
1314 1628 1356 1663 et
1384 1621 1643 1663 formatione
1674 1627 1717 1662 et

265 1693 442 1735 notione
472 1693 587 1734 idem
618 1694 747 1746 valet,
777 1693 892 1749 quod
915 1693 1175 1736 adiectivum
1197 1690 1424 1749 δημόσιος;
1440 1690 1543 1749 ἀνὴρ
1562 1689 1714 1752 δήμοιο

266 1772 309 1808 et
338 1760 449 1821 οἷνὴρ
478 1761 686 1822 δημόσιος
714 1765 895 1808 eandem
929 1766 1149 1809 notionem
1190 1766 1451 1821 describere,
1495 1765 1588 1823 quis
1636 1771 1717 1819 est,

267 1837 339 1893 qui
368 1837 537 1893 neget?
567 1836 724 1892 Itaque
756 1837 1004 1893 genetivum
1035 1838 1079 1880 in
1108 1852 1176 1881 σιο
1210 1838 1476 1881 desinentem
1508 1852 1531 1879 e
1561 1838 1714 1893 „syas“

266 1916 407 1953 ortum
440 1924 533 1952 esse
578 1916 755 1952 constat.
830 1910 867 1953 E
908 1906 1089 1966 ὁημόσιο
1131 1910 1348 1953 oriebatur
1383 1906 1557 1966 δήμοιο,
1605 1923 1713 1967 quae

265 1983 416 2034 forma,
457 1996 551 2022 cum
583 1997 602 2022 s
642 1980 934 2032 amitteretur,
979 1981 1025 2022 in
1064 1979 1199 2036 δήμου
1235 1982 1490 2034 mutabatur,
1537 1995 1619 2035 qua
1659 1982 1712 2023 de

264 2053 404 2095 forma
428 2052 626 2096 conferas
661 2051 857 2095 Ahrens:
889 2051 968 2096 Rh.
1001 2051 1194 2095 Museum
1217 2051 1265 2095 II
1305 2068 1346 2109 p.
1369 2053 1463 2107 1613
1496 2058 1624 2110 atque
1658 2066 1713 2095 ex

263 2125 344 2166 hac
376 2123 680 2166 terminatione
711 2124 940 2179 genetivus
971 2124 1017 2165 in
1050 2140 1100 2166 ov
1135 2124 1283 2167 exiens
1314 2124 1484 2181 prodiit.

394 2195 533 2237 Etiam
568 2195 815 2250 genetivum
848 2195 893 2236 in
922 2204 968 2239 ὅ(
1011 2203 1242 2237 exeuntem
1271 2210 1327 2238 ex
1358 2196 1536 2251 „asyas“
1570 2201 1710 2238 ortum

267 2281 361 2310 esse
392 2267 496 2308 mihi
530 2281 781 2324 persuasum
812 2267 964 2309 habeo.
997 2266 1170 2310 Vocalis
1193 2267 1489 2324 &productam
1517 2282 1563 2310 se
1592 2281 1714 2323 prae·

264 2346 359 2395 stat,
399 2338 512 2398 quod
541 2355 560 2384 s
589 2338 765 2382 excidit.
840 2340 924 2383 Hic
955 2354 1023 2382 res
1052 2354 1137 2382 non
1167 2339 1292 2383 aliter
1322 2353 1367 2382 se
1398 2339 1540 2395 habet,
1582 2346 1711 2395 atque

263 2414 308 2456 in
352 2413 578 2469 „civayas“
612 2413 780 2467 (fem.),
820 2413 934 2468 quod
974 2427 996 2454 e
1041 2413 1284 2467 „civasyaffl
1327 2412 1537 2468 prodiisse
1582 2428 1712 2470 supra

262 2484 541 2528 ostendimus.
610 2483 718 2527 Cum
751 2484 904 2538 hiatus,
950 2485 1020 2540 qui
1067 2491 1183 2528 extat
1221 2484 1268 2528 in
1311 2484 1612 2529 terminatione
1643 2492 1709 2537 ἇο,

260 2559 383 2601 nobis
416 2556 627 2612 ostendat,
660 2557 828 2599 literam
864 2557 1097 2614 spirantem
1128 2558 1325 2600 amissam
1355 2572 1463 2611 esse,
1506 2558 1617 2600 hanc
1659 2558 1709 2599 li-

261 2637 395 2673 teram
410 2631 425 2685 j
443 2629 576 2672 fuisse
611 2628 878 2685 etymologia
907 2628 1120 2683 efficitur3
1151 2637 1205 2673 ᾰο
1236 2631 1347 2673 enim
1379 2645 1434 2673 ex
1451 2632 1590 2687 „ajas“
1622 2630 1649 2672 i.
1670 2643 1708 2671 e.

262 2704 441 2760 „asyas“
457 2701 686 2762 prodiisse,
702 2701 945 2744 sanskritici
960 2703 1150 2757 genetivi
1171 2702 1709 2756 formationedemonstra—

259 2782 341 2817 tur.
382 2775 495 2817 Huic
525 2781 697 2817 nostrae
728 2774 918 2828 genetivi
951 2775 1230 2830 explicationi
1256 2790 1502 2832 repugnare
1535 2773 1706 2817 videtur
