1984 3332
1008 165 1060 206 14

302 298 411 342 quae
449 284 621 327 literam
652 284 838 328 mediam
870 287 986 329 vices
1016 286 1299 329 sanskriticae
1340 286 1556 345 aspiratae
1599 304 1756 346 gerere

302 357 615 411 demonstrant,
645 358 729 400 cf.:

761 425 906 486 κύμβη
936 446 991 466 =
1022 430 1226 473 kumbha.

767 504 931 558 ομβρος
959 519 1014 539 =·-
1045 502 1225 546 abhram

299 573 356 613 cf.
389 570 509 614 Curt.
544 572 695 628 p.461.
737 573 947 630 suspicari
976 574 1128 628 ausim,
1159 575 1237 617 illo
1269 572 1369 640 dri-h
1399 574 1426 615 i.
1458 588 1496 618 e.
1526 574 1640 630 drdh
1670 575 1697 616 i.
1718 587 1755 616 e.

301 648 439 705 dardh
471 649 656 691 eandem
685 651 896 693 contineri
929 651 1153 706 syllabam,
1202 667 1311 708 quae
1354 653 1433 695 sub
1478 652 1654 694 nomine
1686 666 1754 694 ur·

299 720 419 762 bium
454 717 697 776 Δάρδανος
726 728 856 777 atque
889 721 1107 777 Δαρδανία
1136 722 1255 764 latet.
1284 724 1354 766 De
1382 722 1616 776 Dardania,
1644 737 1755 779 quae

298 793 403 835 urbs
431 793 518 835 iam
543 799 643 835 ante
659 794 835 836 Troiam
865 794 1080 837 conditam
1109 795 1256 837 floruit
1287 797 1361 840 of.:
1395 795 1525 837 Y215
1550 810 1613 850 sq.
1657 795 1756 837 Alia

306 865 411 908 urbs
438 862 676 921 Δάρδανος,
703 865 758 908 ad
774 865 1110 923 Hellespontum
1144 866 1237 915 sita,
1267 882 1364 909 cum
1397 881 1510 919 aree,
1542 880 1649 923 quae
1681 880 1751 908 no-

302 937 462 979 minata
490 943 594 989 erat,
612 930 755 992 ’Ἁκρα
785 938 998 992 Δαρδανὶς
1026 938 1116 981 sive
1145 935 1398 994 Δαρδάνιος,
1443 954 1602 982 nomen
1631 953 1753 981 suum

297 1007 440 1050 adhuc
470 1008 659 1051 servavit
686 1008 730 1049 in
774 1022 824 1050 ea
865 1022 989 1063 voce,
1034 1023 1118 1064 qua
1155 1023 1234 1051 nos
1264 1009 1598 1065 Hellespontum
1638 1023 1753 1052 nunc

299 1073 613 1116 describimus:
672 1074 1025 1126 „Dardauellen“
1076 1075 1131 1117 cf.
1161 1074 1350 1117 Preller:
1385 1075 1464 1119 Gr.
1494 1074 1754 1131 Mythol.11,

296 1144 391 1187 373.
439 1145 707 1187 Terminatio
736 1161 838 1196 ανος
864 1146 910 1186 in
939 1142 1160 1200 Δάρδανος
1190 1146 1296 1187 mihi
1327 1146 1476 1188 eadem
1508 1160 1602 1189 esse
1633 1145 1752 1188 vide-

296 1222 380 1271 tur,
411 1232 539 1273 quam
555 1216 800 1258 invenimus
829 1217 875 1259 in
890 1212 1119 1272 Ἰάρδ-ανος
1148 1218 1213 1271 (Η
1224 1218 1321 1272 135)
1353 1224 1482 1274 atque
1502 1213 1752 1272 Ἠρίδανος;

297 1293 341 1330 et
370 1287 406 1331 si
447 1286 659 1329 rationem
700 1287 912 1330 habemus
959 1287 1078 1330 vocis
1108 1287 1350 1344 Πέργαμος,
1395 1302 1524 1344 quam
1570 1287 1751 1330 eandem

296 1359 492 1417 stirpem,
520 1373 632 1415 quae
660 1359 774 1402 inest
803 1373 966 1415 graeco
998 1355 1196 1417 φράσσω,
1214 1360 1360 1415 gotico
1382 1359 1550 1415 bairga,
1577 1361 1751 1416 baurgs,

294 1438 423 1489 atque
453 1430 705 1488 germanico
741 1430 938 1487 „berec,“
968 1431 1092 1474 nobis
1111 1430 1272 1474 offerre
1289 1430 1650 1475 verisimillimum
1688 1438 1753 1475 est

295 1503 368 1557 (cf.
402 1503 522 1545 Gurt.
555 1517 596 1558 p.
613 1503 710 1556 272,
755 1502 872 1543 aliud
912 1503 1044 1543 sentit
1078 1503 1190 1544 Pott.
1220 1503 1290 1544 Et.
1323 1503 1539 1558 Forschg.
1561 1503 1621 1556 11,
1638 1503 1750 1556 371),

293 1590 404 1629 αμος
434 1574 478 1616 in
497 1572 750 1630 Πέργ-αμος
777 1573 895 1615 idem
926 1588 1036 1627 esse,
1065 1579 1194 1630 atque
1222 1573 1334 1616 illud
1364 1589 1479 1626 ανος,
1500 1573 1625 1616 nobis
1657 1588 1753 1631 per-

295 1660 468 1689 suasum
509 1652 588 1698 est,
630 1660 729 1688 eum
774 1645 954 1701 linguae
982 1645 1181 1689 Graecae
1222 1660 1310 1688 non
1358 1645 1503 1688 desint
1533 1646 1752 1702 exempla,

295 1717 452 1773 quibus
482 1717 632 1760 literas
664 1733 706 1759 m
738 1724 780 1759 et
811 1733 841 1759 n
868 1717 983 1759 inter
1013 1732 1060 1759 se
1091 1718 1247 1760 mutari
1278 1732 1407 1774 posse
1439 1718 1646 1760 firmatur.
1699 1717 1751 1760 cf.

295 1787 416 1831 Curt.
446 1803 485 1845 p.
501 1788 582 1830 477
599 1803 662 1845 sq.
700 1788 764 1832 Ut
793 1794 936 1829 autem
980 1787 1118 1839 ,τίλιος
1144 1801 1193 1830 re
1222 1802 1325 1830 vera
1356 1802 1442 1830 non
1471 1803 1496 1830 a
1526 1787 1751 1830 conditore

286 1851 399 1909 Ἰλος
428 1874 589 1902 nomen
619 1859 801 1916 accepit,
831 1861 910 1902 sed
934 1851 1057 1912 Ἶλος,
1098 1860 1249 1902 eadem
1281 1860 1448 1902 ratione
1483 1875 1566 1916 qua
1594 1860 1752 1903 Romu-

293 1931 362 1974 lus
403 1946 426 1973 a
452 1927 602 1984 Roma,
647 1930 699 1973 ab
728 1930 847 1973 urbis
891 1930 1066 1973 nomine
1080 1924 1213 1982 ’Ίλιος
1255 1930 1471 1988 originem
1515 1930 1652 1985 duxit,
1693 1930 1752 1973 ita

295 2003 423 2045 etiam
453 2017 614 2045 nomen
645 2003 765 2044 urbis
795 2003 1024 2057 Δαρδανία,
1070 2003 1184 2060 quod
1215 2017 1238 2045 e
1268 2000 1491 2058 Δάρδανος
1520 2003 1751 2060 amplifica-

292 2080 383 2116 tum
413 2088 509 2117 esse
539 2073 643 2115 mihi
671 2073 857 2128 videtur,
887 2081 934 2116 ut
972 2074 1161 2132 speeiem
1191 2075 1355 2117 formae
1393 2075 1445 2117 ab
1478 2074 1611 2116 heroe
1641 2074 1751 2117 Dar-

293 2146 402 2188 dano
439 2146 658 2188 derivatae
702 2160 804 2202 prae
844 2160 890 2188 se
937 2146 1061 2199 ferat,
1110 2146 1271 2201 effecit,
1313 2152 1361 2188 ut
1404 2145 1523 2188 urbis
1553 2145 1753 2188 conditor

293 2217 367 2273 qui
383 2218 501 2260 Iovis
529 2218 643 2261 filius
673 2232 768 2260 esse
799 2217 1038 2270 dicebatur,
1083 2214 1309 2273 Δάρδανος
1337 2217 1647 2259 nominaretur.
1679 2215 1752 2261 Sic

291 2289 419 2331 etiam
439 2290 734 2344 „Pergamos“
767 2289 966 2331 conditor
992 2288 1114 2331 urbis
1132 2288 1352 2343 Pergami,
1381 2288 1426 2329 in
1455 2287 1600 2342 Mysia
1629 2287 1750 2340 sitae,

289 2360 620 2404 describebatur
663 2360 719 2402 cf.
755 2359 954 2402 Preller.:
1015 2360 1094 2403 Gr.
1125 2359 1313 2414 Mythol.
1341 2358 1400 2412 II,
1429 2359 1524 2401 469.
1597 2358 1749 2415 Itaque

290 2432 503 2476 derivatio
538 2430 846 2488 etymologica,
884 2445 1012 2486 quam
1043 2429 1223 2475 Curtius
1253 2429 1329 2483 (K.
1358 2430 1526 2474 Ztschr.
1548 2429 1584 2473 Ι.
1620 2446 1661 2487 p.
1677 2429 1750 2485 36)

289 2505 491 2563 protulit,
538 2518 637 2546 cum
676 2500 905 2558 Δάρδανος
948 2504 1131 2545 formam
1177 2504 1385 2560 praebere
1430 2501 1749 2561 reduplicatam

291 2583 411 2619 ratus
432 2576 488 2618 ad
503 2576 696 2618 radicem
718 2575 1021 2617 sanskriticam
1041 2575 1216 2629 „dhar‚“
1236 2591 1260 2616 a
1293 2590 1376 2631 qua
1407 2575 1536 2617 etiam
1565 2577 1751 2629 Δαρεῖος

291 2645 497 2704 (Ἕκτωρ)
527 2647 763 2701 derivatur,
794 2646 1026 2704 confugiat,
1061 2647 1302 2691 deserenda
1320 2661 1414 2690 esse
1435 2646 1538 2688 mihi
1562 2645 1748 2689 videtur.

284 2720 608 2765 Sanskriticum
637 2719 901 2775 „dardham“
932 2735 1028 2761 eum
1051 2720 1220 2762 firmum
1239 2721 1383 2762 locum
1400 2719 1634 2774 significet,
1658 2734 1746 2760 non
