1984 3332
983 134 1038 177 29

285 265 378 302 tum
406 259 551 302 lenem
581 256 761 301 transiit.
795 243 1008 314 Spiritum
1037 256 1183 298 autem
1203 255 1348 298 lenem
1371 268 1395 298 e
1412 254 1566 311 spiritu
1582 267 1737 311 aspero

289 331 505 387 originem
535 330 713 374 duxisse
740 328 845 372 inde
876 328 1101 386 perlucide
1132 334 1325 385 apparet,
1357 326 1474 383 quod
1501 326 1543 368 in
1572 326 1739 381 aliquot

293 401 514 445 radicibus
544 402 664 444 iuxta
703 400 902 459 spiritum
944 400 1085 442 lenem
1118 398 1257 441 adhuc
1299 398 1499 456 spiritum
1538 411 1740 454 asperum

288 482 504 517 servatum
534 475 792 516 invenimus.
865 472 938 517 Sic
966 473 1085 514 iuxta
1114 471 1272 526 ἕννυμι,
1301 466 1636 526 εἷμα-ἔσθος,
1669 467 1738 512 ἔσ-

290 549 378 603 θης
405 545 529 588 nobis
565 544 734 604 obviam
766 544 885 598 fiunt,
914 558 1021 600 quae
1042 558 1170 588 voces
1190 559 1214 586 a
1231 542 1381 586 radice
1405 558 1479 594 fag
1504 542 1531 586 i.
1548 555 1585 585 e.
1605 542 1737 596 „vas“

290 617 552 659 derivandae
584 623 697 671 sunt,
750 617 952 671 idemque
988 623 1053 658 est
1088 616 1134 658 in
1170 616 1348 658 vocibus
1386 611 1498 657 ἷδεῖν
1536 620 1580 655 et
1620 608 1735 656 ἱστο-

289 688 373 744 ρία,
405 702 513 744 quae
538 688 592 730 ad
625 687 813 731 radicem
852 688 924 731 ,τιὸ
950 705 1006 725 =
1026 686 1154 741 „vid“
1185 686 1440 730 referendae
1471 692 1571 729 sunt
1600 685 1732 741 (Cur-

283 760 368 802 tius
397 761 425 802 1.
458 775 493 802 c.
521 760 680 817 p.217)
728 759 785 800 cf.
820 758 996 802 Curtius
1023 759 1054 801 l.
1081 774 1116 800 e.
1154 773 1196 815 p.
1213 758 1306 801 615.
1378 757 1607 812 Quomodo
1654 756 1736 799 hae

285 831 435 874 literae
466 831 677 889 spirantes
716 831 921 887 paula-tim
953 845 977 873 e
1007 831 1186 887 linguae
1218 830 1423 872 memoria
1459 829 1734 883 evanuerint,

291 903 451 962 optime
488 902 677 946 ostendit
705 918 791 945 vox
821 899 927 954 υἱός.
988 902 1041 945 In
1065 902 1146 945 hac
1175 916 1281 945 voce
1311 901 1507 959 spiritum
1540 915 1741 959 asperum

288 988 469 1017 munere
502 974 651 1016 literae
679 974 880 1031 spirantis
915 989 934 1016 s
961 973 1085 1030 fungi
1114 974 1196 1015 iam
1229 973 1303 1015 diu
1333 979 1515 1028 constat,
1557 988 1656 1015 cum
1684 972 1739 1014 ad

290 1046 474 1089 eandem
505 1045 698 1089 radicem
725 1046 954 1102 pertineat,
985 1060 1093 1102 quae
1126 1047 1205 1088 sub
1237 1045 1490 1088 sanskritico
1512 1045 1616 1098 „su“
1627 1045 1741 1087 latet

286 1118 345 1160 cf.
377 1117 498 1161 Curt.
527 1133 569 1175 p.
584 1117 678 1161 353.
747 1117 892 1160 Etiam
930 1118 973 1159 in
1004 1117 1152 1173 lingua
1184 1116 1354 1160 Graeca
1379 1116 1614 1175 spirantem
1644 1133 1664 1159 s
1694 1118 1740 1159 in

286 1190 438 1231 eadem
466 1189 613 1231 radice
645 1189 841 1243 valuisse,
886 1189 1060 1232 nomine
1084 1186 1326 1245 ‘Aloobdvvy
1365 1190 1468 1232 satis
1508 1195 1628 1232 certe
1669 1188 1742 1231 de·

292 1266 566 1316 monstratur,
612 1261 725 1318 quod
772 1276 930 1304 nomen
969 1262 1014 1303 in
1040 1258 1163 1304 εΑλο-
1209 1262 1340 1318 συδνη
1386 1261 1626 1304 dissolvere
1665 1261 1739 1304 de-

289 1332 454 1375 bemus.
510 1328 761 1389 ιΛλοσύόνη
806 1333 920 1376 enim
965 1333 1093 1375 maris
1136 1333 1271 1375 filiam
1317 1333 1545 1389 significat,
1588 1332 1649 1375 ita
1693 1339 1742 1375 ut

287 1401 435 1460 σύδνη,
484 1418 592 1459 quae
622 1405 760 1446 forma
789 1404 969 1446 candem
997 1405 1173 1463 stirpem
1208 1405 1497 1463 amplectitur,
1539 1421 1589 1448 ae
1632 1401 1740 1460 υἱός,

289 1475 335 1515 in
369 1475 576 1518 feminino
607 1489 770 1530 genere
801 1476 975 1517 easdem
1006 1476 1127 1519 vices
1157 1482 1297 1531 gerat,
1315 1491 1420 1531 quas
1440 1476 1485 1518 in
1501 1476 1738 1519 masculino

292 1561 457 1603 genere
486 1544 592 1598 υἱός.
623 1548 680 1590 cf.
714 1548 837 1592 Curt.
863 1563 905 1605 p.
922 1548 1018 1591 578.
1067 1549 1161 1591 Iam
1191 1548 1226 1590 si
1255 1548 1375 1591 vocis
1407 1545 1500 1600 υἱός
1527 1548 1739 1591 rationem

287 1618 509 1675 habemus,
551 1620 597 1662 in
635 1620 896 1663 carminibus
923 1620 1171 1663 Homericis
1210 1620 1420 1663 nonnulla
1456 1620 1739 1663 inveniuntur

288 1697 559 1746 argumenta,
589 1706 613 1734 e
644 1706 692 1734 re
721 1692 903 1735 metrica
932 1692 1129 1750 repetita,
1161 1706 1269 1749 quae
1298 1692 1468 1734 literam
1500 1691 1737 1748 spirantem

287 1761 477 1805 nondum
509 1763 596 1805 vim
626 1778 744 1806 suam
773 1764 818 1805 in
848 1764 929 1807 hac
959 1779 1065 1806 voce
1095 1764 1288 1807 amisisse
1317 1764 1441 1807 nobis
1459 1762 1738 1822 persuadent.

290 1833 521 1876 Maximam
554 1835 667 1877 enim
701 1836 985 1879 offensionem
1019 1836 1126 1878 illud
1159 1850 1333 1879 movere
1364 1836 1506 1889 debet,
1553 1835 1668 1891 quod
1697 1832 1740 1879 οἱ

290 1905 542 1948 encliticum
572 1913 670 1949 ante
698 1903 793 1950 υἱόν
820 1907 1075 1964 productum
1107 1908 1351 1950 invenimus
1377 1924 1412 1951 ν.
1427 1909 1521 1950 343.

486 2018 706 2076 χωόμενος
733 2019 802 2065 ὅτι
829 2038 900 2065 ,ποι
934 2019 1028 2064 υἱὸν
1058 2022 1188 2080 φίλον
1216 2019 1456 2076 ἐξελάωσας

290 2112 582 2159 Hoffmannus
628 2116 674 2171 (l.
706 2117 784 2159 e.I
809 2131 852 2173 p.
871 2118 939 2169 71)
985 2110 1207 2159 metricam
1253 2116 1553 2159 difficultatem
1598 2132 1650 2159 ea
1693 2133 1741 2160 re

292 2197 519 2228 removere
552 2194 746 2243 conatur,
790 2187 905 2245 quod
936 2188 1051 2231 hunc
1081 2202 1256 2230 versum
1287 2187 1480 2245 spurium
1510 2202 1606 2230 esse
1633 2188 1743 2231 iudi-

292 2262 385 2310 cat3
417 2257 492 2299 scd
524 2258 638 2314 fugit
666 2260 789 2301 illum
818 2260 960 2302 virum
993 2260 1164 2303 doctum
1182 2260 1207 2301 λ
1225 2260 1317 2313 103,
1346 2259 1419 2301 ubi
1447 2259 1564 2302 idem
1591 2274 1742 2303 versus

292 2326 468 2382 legitur.
528 2330 639 2373 Tum
680 2331 945 2376 Genetivum
983 2333 1028 2375 in
1058 2348 1107 2374 ov
1138 2331 1409 2375 desinentem
1437 2337 1565 2387 atque
1603 2332 1739 2376 thesis

296 2398 438 2442 locum
470 2402 738 2445 obtinentem
778 2409 877 2445 ante
905 2418 1058 2445 vocem
1101 2400 1196 2454 υἱός
1223 2404 1452 2460 quinquies
1480 2403 1741 2461 productum

293 2470 513 2527 habemus,
542 2475 616 2518 ubi
648 2490 702 2519 ex
733 2476 825 2533 ipsa
855 2491 1008 2520 versus
1035 2476 1138 2519 sede
1158 2476 1233 2518 vix
1268 2476 1425 2520 iustam
1443 2477 1617 2520 veniam
1638 2493 1741 2520 nan—

293 2543 393 2585 cisci
422 2560 665 2602 possumus.
743 2547 817 2591 Sic
848 2564 899 2590 ov
939 2548 1195 2606 productum
1225 2549 1355 2591 habes
1384 2549 1430 2590 in
1458 2549 1587 2591 tertia
1616 2550 1741 2602 thesi,

297 2629 422 2670 quam
454 2617 788 2663 infirmissimam
818 2626 947 2676 atque
964 2619 1509 2677 productionislongarum
1525 2621 1741 2664 vocalium

294 2693 338 2728 et
365 2688 735 2748 diphthongorum
782 2698 881 2734 ante
925 2707 1054 2735 voees
1094 2708 1118 2734 a
1148 2693 1283 2735 vocali
1322 2693 1450 2735 litera
1483 2693 1740 2749 incipientes
