1984 3332
960 232 1015 274 35

268 351 394 395 litera
416 353 597 410 spiranti
617 370 637 396 s
662 352 963 410 quaestionem
992 352 1291 408 suscipiamus,
1323 366 1379 394 ex
1408 353 1471 395 eis
1503 353 1730 410 exemplis,

268 438 378 482 quae
397 424 685 467 Hoffmannus
713 424 869 476 attulit,
897 438 948 466 ea
988 424 1197 482 excipere
1217 423 1437 478 debemus,
1466 424 1622 482 quibus
1649 425 1728 483 spi-

265 503 434 540 rantem
464 497 666 540 labialem
695 497 882 539 valuisse
923 511 1018 538 mea
1062 496 1237 554 quidem
1290 498 1506 540 sententia
1548 504 1729 541 constat.

265 568 375 614 Sunt
404 569 517 612 enim
550 570 657 624 A4,
690 571 730 612 E
740 568 836 624 684,
885 569 1038 627 quibus
1075 569 1179 612 locis
1222 565 1380 627 ἑλώρια
1410 576 1453 614 et
1490 568 1602 626 ἕλωρ
1633 570 1728 614 hia—

262 650 352 684 tum
384 643 593 697 efficiunt,
642 642 780 684 3216
809 638 1048 697 (αἴσχιστος
1077 642 1124 684 δὲ
1169 639 1293 699 ἀνήρ)
1324 646 1377 684 A
1396 643 1471 685 157
1503 639 1728 698 (θάλασσά

263 732 310 758 τε
339 711 547 771 ἠχήεσσα)
577 715 708 757 Ε181
734 714 807 756 ubi
837 714 883 755 in
913 714 1031 756 hiatu
1061 715 1209 757 illicito
1242 722 1391 757 extant
1430 716 1562 757 verba
1577 712 1730 758 πάντα

271 785 413 829 ἐίσκω.
446 789 498 827 A
514 785 594 827 551
631 781 807 840 (πότνια
826 780 960 841 (Ἡρη)
988 784 1124 826 Β79Ο
1150 779 1280 837 (αἷκέα
1301 776 1420 841 Ἰρις)
1449 791 1578 843 atque
1595 788 1637 828 A
1646 785 1729 828 486

264 855 403 911 (ἴτυς).
458 857 651 899 Primum
678 857 954 913 inspiciamus
980 860 1034 898 A
1055 857 1083 898 4
1114 863 1155 899 et
1184 860 1221 899 E
1258 857 1352 911 684,
1384 858 1458 900 ubi
1487 858 1698 913 legimus:

638 952 807 1014 ἡρώων,
841 950 998 1009 αὐτοὺς
1024 954 1072 1000 δὲ
1099 952 1256 1012 ἑλώρια

635 1029 872 1087 Πριαμίδῃ,
904 1026 962 1086 μή
992 1025 1044 1086 δή
1072 1045 1126 1083 με
1155 1028 1280 1083 ἕλωρ.

264 1125 459 1178 Constat,
486 1123 596 1179 ἕλωρ
626 1131 753 1181 atque
784 1121 940 1179 ἑλώρια
966 1124 1019 1166 ad
1052 1125 1234 1166 eandem
1280 1126 1461 1180 stirpem
1493 1126 1725 1168 referenda

265 1211 372 1248 esse,
403 1213 428 1239 a
458 1213 540 1254 qua
560 1198 741 1240 verbum
762 1194 874 1239 ἑλεῖν
896 1196 1109 1252 originem
1128 1196 1253 1239 duxit
1281 1197 1363 1249 (cf.
1383 1196 1492 1239 Ebel
1509 1197 1552 1240 in
1564 1198 1723 1241 Kuhns

262 1269 510 1313 Ztschr.IV
526 1286 566 1326 p.
586 1270 695 1324 168).
726 1269 874 1311 Litera
888 1275 1030 1310 autem
1052 1269 1231 1325 spiranti
1254 1269 1338 1311 han
1355 1285 1377 1311 e
1405 1284 1559 1311 vocem
1588 1271 1722 1312 fuisse

265 1342 527 1395 instructam,
557 1341 640 1383 iam
673 1341 836 1383 Aoristi
868 1340 1023 1394 forma,
1053 1355 1164 1398 quae
1196 1347 1261 1382 est
1290 1356 1311 1383 ε
1329 1334 1441 1396 ἷλον,
1469 1342 1572 1384 satis
1606 1348 1724 1384 certe

266 1414 466 1456 efficitur.
523 1412 723 1464 Accedit,
757 1411 872 1468 quod
899 1414 937 1453 E
953 1412 1030 1452 118
1062 1412 1283 1466 legimus:

637 1482 713 1534 δὸς
742 1483 789 1526 δέ
818 1483 864 1525 τέ
892 1483 934 1537 μ’
964 1477 1098 1537 ἄνδρα
1125 1481 1262 1526 ἑλεῖν.

266 1556 337 1614 qui
369 1556 510 1597 hiatus
543 1556 637 1613 ipso
668 1555 931 1597 Hoffmanno
971 1560 1079 1597 teste
1130 1554 1171 1607 (I
1200 1570 1241 1613 p.
1258 1555 1329 1610 93)
1372 1570 1460 1597 non
1500 1555 1630 1598 habet
1658 1556 1721 1598 iu-

265 1636 373 1672 stam
406 1629 750 1681 excusationem3
796 1634 1021 1684 praeterea
1055 1629 1186 1670 E576
1218 1635 1315 1670 ante
1361 1625 1507 1683 ἑλέτην
1536 1630 1719 1686 produc-

268 1700 431 1744 tionem
461 1700 606 1744 brevis
640 1700 792 1743 literae
822 1699 984 1743 vocalis
1015 1699 1270 1756 invenimus,
1300 1715 1410 1757 quae
1442 1701 1617 1744 metrica
1640 1702 1721 1744 dif-

269 1773 440 1815 ficultas
484 1774 536 1814 ab
565 1773 831 1814 Hoffmanno
870 1772 895 1814 Ι
925 1786 965 1827 p.
988 1763 1078 1813 1'64.
1106 1773 1160 1813 cf.
1181 1772 1228 1813 II
1256 1787 1298 1828 p.
1313 1773 1391 1813 186
1420 1773 1464 1814 in
1493 1787 1718 1815 numerum

266 1842 488 1884 duriorum
522 1842 753 1897 redigitur3
784 1842 970 1898 legimus
997 1841 1111 1883 enim
1141 1842 1224 1884 hoc
1254 1842 1370 1884 loeo:

662 1927 774 1973 ἔνθα
805 1928 1082 1984 Παλαιμένεᾶ
1113 1926 1269 1985 ἑλέτην.

267 2005 370 2047 Alia
399 2003 611 2058 exempla,
650 2016 758 2059 quae
790 2002 970 2043 eandem
1001 2002 1224 2042 metricam
1255 2001 1556 2042 difficultatem
1588 2002 1711 2043 exhi-

264 2077 382 2129 bent,
410 2074 518 2116 nihil
548 2073 845 2115 demonstrare
878 2079 1068 2129 possunt,
1101 2073 1200 2129 quia
1231 2068 1291 2122 ὥς
1323 2075 1335 2124 ζ
1340 2075 1380 2113 Β
1397 2072 1510 2125 781),
1556 2069 1629 2114 ὅτε
1659 2075 1718 2126 (Θ

264 2147 366 2199 556)
398 2140 515 2204 ὄφρα
544 2145 603 2200 (Ω
616 2144 714 2198 285)
757 2144 882 2185 litera
924 2143 1095 2201 palatali
1130 2144 1147 2198 j
1187 2143 1398 2186 instructa
1441 2143 1576 2185 fuisse
1604 2143 1718 2186 infra

266 2216 665 2260 demonstrabimus.
720 2216 869 2258 Restat
900 2215 1042 2268 Y259,
1088 2215 1174 2267 ubi,
1218 2215 1254 2255 si
1284 2230 1382 2256 cum
1412 2215 1643 2270 Spitznero
1675 2223 1718 2257 et

265 2289 470 2330 Bekkero
513 2286 717 2343 legimus:
767 2277 791 2341 ἦ
821 2288 886 2341 ῥα,
927 2284 999 2326 καὶ
1036 2283 1080 2325 ἐν
1108 2284 1236 2341 δεινῷ
1264 2280 1386 2327 σάκει
1423 2278 1579 2341 ἤλασεν
1618 2285 1716 2344 (pro

264 2357 539 2413 aanezss'aao’)
572 2373 660 2400 non
689 2360 766 2411 est,
797 2355 910 2412 quod
940 2356 1050 2397 nolis
1068 2355 1298 2399 offensioni
1316 2371 1412 2399 esse
1429 2357 1577 2414 possit.
1613 2358 1716 2400 Pro-

266 2431 511 2473 ductionem
541 2436 683 2472 autem
713 2427 873 2471 vocalis
902 2427 977 2482 »εἷ’
1009 2434 1107 2470 ante
1143 2427 1314 2470 literam
1357 2429 1593 2484 spirantem
1638 2443 1719 2485 per

265 2517 312 2545 se
347 2502 460 2544 bene
505 2507 617 2542 stare
662 2515 733 2554 ea,
782 2513 892 2556 quae
932 2499 1128 2556 sequitur
1152 2533 1164 2553 ,
1213 2498 1529 2555 disputatione,
1575 2504 1717 2541 osten-

267 2573 497 2699 demuzua
527 2642 582 2684 dc
613 2657 739 2684 causa
769 2641 960 2684 Leskien
993 2642 1023 2683 l.
1054 2656 1090 2684 c.
1122 2657 1164 2699 p.
1187 2641 1250 2685 17.
1280 2642 1416 2685 1357ss
1457 2641 1511 2683 ad
1549 2640 1718 2684 literam

264 2717 474 2761 initialem
503 2715 635 2757 verbo
667 2710 780 2756 ἑλεῖν
811 2713 1083 2756 tribuendam
1118 2713 1227 2756 nihil
1248 2713 1395 2755 valere
1418 2713 1610 2755 iudicare
1630 2728 1718 2756 non

265 2789 461 2832 debebat.
504 2787 613 2830 Tum
646 2786 688 2828 in
721 2786 797 2828 hac.
830 2786 1079 2842 quaestione
1119 2785 1243 2827 nobis
1276 2800 1362 2827 non
1391 2784 1717 2840 neglegendum
