1984 3332
927 178 1003 221 101

246 302 486 362 Compend.
501 304 595 347 579.
626 305 779 360 Itaque
791 303 975 360 probare
988 316 1075 345 non
1090 315 1264 358 possum
1276 302 1545 356 sententiam,
1564 317 1690 360 quam

248 375 513 432 Savelsberg
548 376 578 418 l.
613 392 646 419 c.
686 391 728 433 p.
750 376 830 418 411
877 375 932 419 de
970 374 1136 432 origine
1175 374 1301 418 huius
1339 375 1457 418 vocis
1497 374 1691 433 protulit,

245 463 342 490 cum
369 448 439 492 ἵνα
469 464 492 491 e
520 448 617 491 ,τίνα
645 448 858 503 originem
886 447 1059 491 duxisse
1088 447 1382 491 demonstrare
1407 453 1599 491 conetur.

374 519 513 563 Etiam
544 521 659 577 apud
687 519 928 561 Homerum
958 519 1044 562 loci
1066 520 1263 562 nonnulli
1283 519 1575 570 inveniuntur,
1599 520 1689 577 qui-

244 592 326 634 bus
356 592 552 648 spiritum
580 581 793 649 asperum·
810 591 855 634 in
884 592 963 634 hac
989 606 1097 635 voce
1125 599 1268 650 partes
1298 592 1498 648 spirantis
1528 592 1670 649 palata

244 663 296 706 lis
325 665 565 721 suscepisse
595 663 695 707 satis
723 669 838 707 certe
872 664 1126 707 ostenditur.

374 736 528 778 Tribus
559 736 671 778 enim
703 737 808 779 locis
838 743 937 778 ante
958 736 1028 778 ἳνα
1041 736 1186 779 brevis
1205 736 1374 792 syllaba
1396 736 1438 777 in
1458 751 1687 778 consonam

242 806 409 850 literam
441 807 641 850 desinens
671 807 920 865 producitur
950 808 1005 850 cf.

557 895 582 935 η
608 880 698 921 180.
728 881 861 923 πᾶσιν
888 874 972 922 οἷνά
998 878 1187 935 μέγαρόν
1214 879 1284 922 ἵνα

557 968 590 1008 μ
608 952 698 997 185.
729 954 807 1011 νῆα
834 948 1117 1010 κατάστησῦν,
1146 953 1216 995 ἵνα

559 1040 584 1080 γ
607 1026 698 1069 157.
729 1025 800 1082 νηῒ
825 1027 914 1084 θοῇ
940 1025 1133 1069 flasi-621·
1165 1025 1235 1067 ἵνα

377 1096 547 1150 Hiatus,
587 1097 660 1154 qui
689 1102 807 1140 extat
833 1098 879 1139 in
921 1112 1098 1140 caesura
1140 1096 1355 1140 trochaica
1398 1095 1522 1152 pedis
1560 1095 1691 1149 tertii,

246 1168 374 1211 litera
398 1168 417 1224 j
449 1174 690 1211 excusatur.
717 1168 772 1211 cf.

706 1240 853 1283 Θ479.
882 1236 1079 1294 πόντοιο,
1109 1239 1162 1282 ἵν’

710 1313 746 1354 Ο
759 1312 854 1354 402.
881 1307 1065 1370 Ἀχιλῆα,
1097 1311 1149 1353 ἵν’

701 1385 742 1427 Ω
756 1383 849 1427 264.
879 1382 1080 1427 ἐπιθεῖτε
1107 1382 1190 1425 ἵνα.

376 1456 552 1512 Longae
581 1457 774 1512 syllabae
804 1456 849 1498 in
874 1456 1069 1499 vocalem
1111 1454 1357 1498 desinentes
1398 1460 1496 1496 ante
1534 1453 1604 1495 ἵνα
1642 1452 1687 1495 in

246 1528 330 1570 arsi
360 1528 674 1585 producuntur:
725 1527 1006 1571 A203.363.‘
1040 1532 1079 1569 Γ
1090 1527 1182 1570 130.
1231 1529 1269 1570 Θ
1297 1526 1359 1569 18.
1384 1526 1481 1568 479.
1525 1528 1571 1568 Κ
1592 1523 1688 1568 367.

245 1599 288 1645 Ξ
310 1599 403 1643 365.
428 1600 523 1644 483.
554 1601 649 1644 597.
696 1603 735 1642 Ρ
760 1600 855 1643 445.
902 1602 939 1641 Σ
959 1599 1053 1642 387.
1110 1603 1151 1640 Τ
1174 1599 1264 1641 180.
1321 1602 1357 1639 Y
1378 1597 1468 1640 122.
1517 1601 1566 1639 Χ
1592 1596 1689 1638 244.

252 1671 400 1714 Ψ187.
432 1672 553 1714 Ω21.

379 1742 554 1787 Curtius
584 1744 663 1787 Le.
694 1743 820 1786 etiam
850 1757 944 1786 eam
973 1744 1164 1801 stirpem,
1194 1756 1302 1799 quae
1319 1741 1423 1784 latet
1441 1741 1519 1784 sub
1535 1740 1689 1795 εἵνεκα,

246 1813 369 1856 ἕνεκα
397 1815 450 1857 ad
478 1830 717 1870 pronomen
746 1816 974 1858 relativum
1001 1815 1220 1872 pertinere
1263 1813 1542 1867 demonstrat,
1590 1828 1689 1854 cum

247 1881 350 1939 εἱνα,
379 1885 406 1929 i.
424 1900 460 1929 e.
491 1888 605 1941 yena
620 1886 905 1945 pronominali
937 1885 1239 1939 additamento,
1273 1884 1389 1943 quod
1416 1890 1481 1927 est
1499 1900 1566 1939 κα,
1595 1898 1689 1927 sen-

248 1973 340 2001 sum
371 1958 763 2013 demonstrativum,
793 1964 840 2002 ut
870 1959 929 2001 ita
959 1958 1115 2012 dicam,
1143 1956 1424 2010 nanciscatur,
1456 1971 1581 2012 quam
1613 1955 1690 1998 de-

248 2029 499 2073 rivationem
528 2037 646 2074 certo
677 2031 754 2073 niti
787 2031 1066 2074 fundamento
1090 2029 1192 2072 mihi
1210 2043 1460 2087 persuasum
1479 2034 1556 2070 est.
1584 2028 1683 2071 Pot-

248 2102 332 2145 tius
364 2103 479 2145 enim
507 2103 592 2157 (Et.
615 2103 887 2157 Forschg.12
898 2102 1067 2159 p.427),
1098 2101 1169 2159 qui
1200 2101 1254 2143 ad
1284 2100 1474 2143 radicem
1506 2099 1689 2142 sanskri-

249 2173 375 2216 ticam
420 2174 548 2229 „vacf
592 2173 852 2229 (wiinsclzen)
896 2179 939 2216 et
980 2173 1196 2228 „vafich,“
1244 2186 1353 2230 quae
1397 2172 1535 2215 forma
1567 2171 1691 2215 litera

251 2244 385 2289 na'sali
418 2247 674 2304 amplificata
703 2253 781 2301 est,
822 2246 1033 2301 confugit,
1067 2246 1121 2289 ad
1150 2260 1355 2302 graecum
1383 2244 1525 2288 εἵνεκα
1551 2244 1689 2301 expli-

247 2318 442 2372 candum,
486 2318 597 2360 viam
628 2333 716 2361 non
744 2318 844 2361 satis
876 2317 1079 2360 munitam
1118 2318 1341 2374 ingressus
1373 2331 1468 2359 esse
1499 2317 1603 2359 mihi
1630 2316 1689 2358 vi-

249 2388 388 2444 detur,
431 2405 528 2432 cum
574 2391 673 2445 lege
717 2389 771 2432 ad
816 2390 1095 2433 mutationem
1141 2390 1363 2432 literarum
1406 2403 1690 2432 consonarum

249 2466 467 2517 spectante
477 2461 775 2518 impediamur,
794 2462 896 2519 quin
910 2463 1094 2505 verbum
1112 2461 1415 2504 sanskriticum
1429 2476 1507 2514 vac
1519 2460 1690 2504 Graeco

247 2530 368 2576 ἕνεκα
412 2548 717 2592 comparemus„
791 2533 1004 2579 Christius
1048 2534 1146 2590 (Gr.
1178 2533 1371 2578 Ltlehre.
1415 2549 1455 2592 p.
1470 2532 1570 2588 226)
1618 2532 1690 2590 qui

248 2604 389 2647 εἵνεκα
406 2604 613 2660 θῐέῇεκα
632 2612 772 2648 ortum
801 2620 895 2649 esse
927 2607 1179 2665 suspicatur,
1208 2606 1385 2665 stirpem
1415 2606 1542 2648 huius
1572 2606 1690 2647 vocis

247 2679 427 2722 eandem
458 2693 551 2722 esse
582 2678 756 2735 iudicat,
796 2695 904 2737 quae
932 2680 1037 2724 latet
1063 2681 1142 2724 sub
1168 2680 1320 2724 Latino
1350 2680 1559 2724 vocabulo
1590 2694 1691 2735 „ve-

245 2749 355 2806 nia,“
394 2749 454 2793 ita
489 2756 542 2794 ut
579 2750 720 2795 εἳνεκα
752 2750 967 2810 significet
1011 2767 1091 2809 „zu
1125 2752 1317 2797 Gunsten
1346 2751 1518 2796 Einea.“
1594 2751 1686 2798 Sed
