1984 3332
883 165 962 209 131

204 302 314 342 mus,
346 301 431 329 non
461 286 624 338 dubito,
664 286 768 341 quin
800 285 951 328 eadem
994 283 1287 341 explicatione
1328 284 1390 326 uti
1421 283 1654 327 debeamus

202 359 249 400 in
276 358 427 413 lingua
457 358 640 412 Graeca,
682 356 757 399 ubi
797 355 979 400 eandem
1018 354 1368 398 terminationem
1398 354 1653 412 productam

202 429 459 473 invenimus.
512 429 805 482 Quamobrem
836 428 937 471 illos
967 427 1101 482 locos,
1135 427 1207 483 qui
1238 443 1259 470 ε
1288 426 1548 484 productum
1579 440 1653 468 ex-

201 502 369 557 hibent,
397 516 476 560 per
504 516 550 544 se
580 503 692 544 bene
720 507 833 543 stare
862 514 1033 543 censeo.
1092 500 1218 544 Idem
1264 499 1543 542 iudicandum
1586 504 1653 541 est

202 574 257 617 de
285 574 329 621 Ξ
336 574 434 629 356,
460 573 533 616 ubi
565 573 775 628 legimus:

397 641 614 701 πρόφρων
642 646 715 686 νῦν
743 646 964 695 Δαναοῖσι,
999 643 1257 695 ΙΙοσείδαόν,
1290 640 1495 698 ἐπάμυνε.

331 717 384 759 In
417 717 500 759 hoc
530 730 660 758 versu
688 714 874 758 vocativi
901 720 1056 758 natura
1077 714 1280 768 efficitur,
1300 721 1349 757 ut
1365 715 1532 772 syllaba
1547 716 1653 771 „ov‘,

197 789 499 847 'pronuntianti
529 789 706 843 longam
733 788 986 830 vocalem'o
1019 788 1238 843 praebeat.
1270 788 1325 830 cf.
1356 802 1399 844 p.
1418 788 1486 831 69.

333 861 382 906 Si
422 867 566 903 autem
593 860 830 902 Vocativus
869 859 915 900 in
944 875 965 901 ε
1006 859 1209 902 desinens
1248 859 1431 915 produci
1471 865 1652 917 poterat,

203 932 331 975 etiam
359 931 516 986 hiatus,
534 932 579 973 in
597 945 681 986 quo
697 930 809 972 hanc
829 930 1175 973 terminationem
1191 931 1373 987 positam
1394 931 1654 986 invenimus,

198 1003 310 1046 iuste
337 1009 581 1045 excusatur.

331 1073 470 1119 Omisi
501 1077 541 1115 Γ
554 1072 648 1128 172,
680 1072 754 1115 ubi
781 1073 992 1128 legimus:

392 1144 559 1196 αἰδοῖος
584 1144 709 1200 τέμοί
739 1145 846 1200 ἐσσι,
876 1145 979 1204 φίλέ
1006 1137 1176 1200 Ὲεκυρὲ,
1204 1142 1344 1196 δεινός
1374 1161 1435 1187 τε.

331 1218 430 1261 Hoc
460 1217 574 1260 enim
606 1217 701 1260 loco
740 1217 972 1273 productio
1009 1215 1195 1259 vocativi
1236 1209 1337 1273 φιλέ
1379 1230 1501 1268 voce,
1542 1230 1651 1273 quae

198 1290 407 1346 sequitur,
448 1287 571 1344 ἓκυρέ
599 1289 797 1331 efficitur.
867 1288 978 1331 Nam
1006 1285 1187 1344 fenvqtig
1217 1302 1240 1329 e
1270 1285 1480 1341 ostent-969
1509 1295 1649 1331 ortum

199 1376 293 1404 esse
322 1361 571 1415 linguarum
600 1360 924 1418 comparatione
955 1366 1136 1402 constat.
1166 1359 1218 1401 cf.
1237 1358 1358 1402 Curt.
1378 1375 1420 1416 p.
1442 1360 1532 1402 126.
1562 1361 1649 1404 Ita-

198 1446 282 1488 que
311 1445 366 1474 ex
398 1431 479 1474 hoe
511 1432 608 1474 loco
640 1430 750 1473 nihil
789 1431 843 1473 de
873 1431 1062 1473 firmiore
1092 1436 1246 1472 natura
1285 1429 1446 1471 vocalis
1490 1446 1511 1472 ε
1550 1444 1649 1472 con-

196 1504 314 1547 cludi
342 1509 506 1561 potest3
551 1503 668 1545 idem
699 1503 823 1545 nobis
849 1502 1124 1545 statuendum
1167 1508 1232 1543 est
1275 1501 1330 1543 de
1359 1501 1648 1558 productione

196 1576 391 1632 syllabae
419 1591 440 1618 ε
470 1575 513 1617 in
542 1567 709 1631 fexvqff.

326 1647 390 1691 Ut
418 1648 535 1689 enim
563 1649 743 1690 verbum
771 1647 901 1690 δείδω
928 1662 1084 1702 easque
1115 1662 1261 1701 voces,
1303 1662 1413 1703 quae
1451 1647 1507 1689 ad
1549 1662 1649 1690 ean-

196 1718 295 1761 dem
324 1718 514 1761 radicem
547 1718 804 1761 referendae
833 1724 945 1772 sunt,
973 1715 1135 1773 δειμός,
1164 1718 1315 1770 δείνος,
1346 1715 1501 1773 δειλός,
1530 1734 1555 1760 a
1588 1718 1648 1761 bi—

195 1791 262 1833 nis
292 1790 431 1832 literis
464 1789 665 1831 consonis
690 1789 907 1845 incepisse
937 1795 1183 1840 statuamus,
1217 1795 1395 1831 monent
1423 1804 1503 1832 nos
1530 1795 1650 1831 certa

195 1867 451 1918 argumenta
483 1875 506 1903 e
534 1875 582 1903 re
613 1861 793 1903 metrica
821 1861 1056 1904 Homerica
1084 1861 1286 1918 repetita,
1316 1875 1425 1916 quae
1448 1860 1651 1918 inspicias

195 1934 309 1992 apud
338 1933 498 1977 Hoffm.
515 1933 553 1988 I,
570 1933 649 1975 142
680 1938 723 1974 et
750 1933 801 1976 L.
832 1934 1011 1989 Meyer:
1041 1933 1098 1977 K.
1130 1932 1177 1976 Z.
1200 1932 1293 1977 VII
1321 1947 1363 1989 p.
1384 1933 1465 1975 194
1479 1948 1534 1975 ss.
1579 1932 1652 1975 Li-

195 2012 309 2048 ter-as
330 2011 473 2048 autem
495 2004 683 2047 initiales
705 2005 759 2047 ds
774 2005 908 2048 fuisse
932 2012 1114 2060 constat,
1147 2020 1245 2048 cum
1263 2006 1341 2048 sub
1360 2005 1495 2047 verbo
1519 2004 1649 2048 δείδω

196 2084 278 2121 etc.
296 2078 449 2120 eadem
473 2076 597 2120 radix
626 2077 772 2131 lateat,
789 2092 898 2134 quae
921 2079 1000 2120 sub
1017 2077 1278 2120 sanskritico
1309 2079 1442 2120 verbo
1468 2077 1651 2132 „dvish“

195 2150 366 2192 occulta
382 2155 447 2191 est
463 2150 518 2191 cf.
532 2148 580 2191 L.
593 2149 748 2204 Meyer
764 2149 792 2192 1.
807 2164 844 2191 c.
862 2165 903 2207 p.
929 2150 1020 2191 195.
1053 2150 1229 2193 Curtius
1262 2149 1378 2191 enim
1410 2150 1469 2206 (p.
1485 2149 1568 2192 585
1595 2150 1649 2192 cf.

194 2236 236 2279 p.
250 2221 364 2276 ⁶212),
387 2222 460 2277 qui
476 2221 515 2278 δ]
538 2220 684 2263 literas
697 2220 882 2263 initiales
912 2221 1035 2264 verbi
1066 2221 1196 2264 δείδω
1230 2228 1310 2264 etc.
1330 2222 1464 2263 fuisse
1480 2221 1643 2276 statuit,

196 2292 424 2350 quominus
438 2292 694 2335 sententiam
703 2305 843 2334 meam
853 2298 1040 2345 teneam,
1054 2307 1123 2334 me
1141 2293 1373 2349 prohibere
1385 2307 1473 2335 non
1489 2298 1648 2350 potest,

192 2363 448 2423 praesertim
485 2379 583 2407 cum
611 2363 662 2408 L.
694 2364 848 2422 Meyer
880 2364 908 2408 l.
938 2379 975 2408 c.
1009 2364 1190 2407 verbum
1231 2377 1440 2422 graecum
1484 2363 1647 2421 στυγέω

194 2435 371 2490 excitet,
401 2436 518 2490 quod
548 2437 663 2478 idem
694 2437 820 2490 valet,
850 2436 967 2491 quod
997 2436 1197 2491 „odisse“
1229 2443 1272 2478 et
1302 2437 1529 2491 „timere.“
1595 2437 1648 2479 Id

194 2522 328 2549 unum
358 2507 422 2548 illi
450 2508 543 2550 viro
568 2508 816 2551 doctissimo
837 2507 1044 2560 concedo,
1060 2522 1215 2551 vocem
1234 2508 1468 2552 Zendicam
1485 2509 1648 2564 „thwa-

194 2579 321 2622 esha“
354 2579 426 2633 (cf.
457 2579 663 2636 Spiegel:
706 2580 916 2637 Beitriz'qe
945 2596 1024 2622 zur
1053 2581 1138 2637 vql.
1170 2579 1536 2638 Spraehforschy.
1570 2590 1646 2624 etc.

192 2650 238 2694 II
265 2666 308 2709 p.
329 2651 428 2707 219)
461 2652 515 2694 ad
544 2652 732 2695 radicem
760 2653 881 2695 verbi
911 2652 1041 2695 δείδω
1075 2652 1344 2696 statuendam
1376 2667 1465 2695 non
1498 2653 1646 2708 magni

193 2724 401 2767 momenti
434 2738 529 2767 esse
559 2739 700 2783 posse,
734 2725 851 2781 quod
878 2725 1119 2769 Zendicum
1151 2726 1254 2780 ,‚th“
1283 2725 1494 2782 inlingua
1526 2740 1645 2769 sans-
