1984 3332
935 204 989 246 57

234 323 422 381 positum
452 326 638 383 legimus
667 330 707 370 E
723 327 800 370 181
842 327 899 369 cf.
950 325 1114 368 Hoffm.
1134 326 1157 367 I
1201 325 1330 383 p.93:
1394 324 1575 381 Τυδείδῃ
1612 340 1687 379 μιν

236 393 367 453 ἔγωγε
397 397 601 456 δαΐφρονι
629 395 775 442 πάντα
804 395 949 442 ἔίσκω.
998 396 1185 440 Tantum
1214 411 1300 439 uno
1330 396 1428 440 loco
1457 394 1686 451 quominus

234 467 449 525 digamma
481 476 734 525 statuamus,
753 468 936 527 impedit
960 475 1256 523 augmen-tum,
1283 468 1398 525 quod
1428 473 1494 510 est
1520 467 1567 510 in
1597 461 1686 523 ἠίσ-

232 557 374 596 κομεν,
406 543 658 600 temporale.
716 542 945 585 Bekkerus
976 542 1055 585 hoc
1081 542 1178 583 loco
1207 541 1314 597 legit
1345 540 1492 584 &332

626 638 676 644 -
705 609 817 672 μάχῃ
844 613 1105 670 ,τηκ-ίσκομεν
1132 607 1242 656 εἶναι

232 684 287 726 de
320 699 403 741 qua
432 685 644 741 scriptura
676 685 780 741 quid
811 685 1089 728 iudicandum
1116 685 1183 738 sit,
1216 684 1450 726 videamus.
1508 683 1686 725 Bekke-

231 768 320 809 rus,
348 770 444 797 cum
473 755 555 813 ipsi
585 756 640 798 sit
654 771 905 814 persuasum
924 756 996 811 (cf.
1013 756 1143 799 Hom.
1165 756 1233 798 Bl.
1263 770 1305 812 p.
1325 754 1436 808 133),
1468 753 1686 808 digamma

228 833 279 868 'et
311 841 528 871 consonae
556 828 722 881 literae,
757 835 801 871 et
839 828 1014 885 spiritus
1044 828 1164 870 vices
1193 841 1352 882 gerere
1394 825 1599 883 potuisse,
1638 825 1684 868 in

231 898 497 955 temporibus
525 898 772 956 praeteritis
794 898 1015 956 digammo
1046 904 1216 941 servato
1246 898 1373 940 ctiam
1401 903 1684 952 augmentum

230 971 470 1027 temporale
497 970 700 1014 restituit.
730 970 804 1015 Sic
832 986 1006 1029 semper
1040 971 1170 1014 offert
1196 969 1350 1012 lectori
1377 969 1559 1012 formam
1583 964 1686 1025 πήν-

229 1040 345 1095 dave,
375 1055 516 1099 neque
547 1042 730 1099 dubitat,
758 1040 990 1100 ἔρῳνοχόει
1009 1043 1054 1086 in
1069 1048 1235 1086 textum
1256 1041 1467 1098 recipere,
1486 1055 1586 1084 cum
1605 1040 1682 1094 „s“

229 1113 275 1155 in
303 1113 369 1156 his
396 1114 544 1156 formis
574 1115 748 1157 easdem
787 1121 932 1174 partes
966 1117 1184 1172 suscipere
1224 1113 1468 1165 contendat,
1515 1128 1621 1168 quas
1660 1128 1682 1155 ε

229 1185 274 1227 in
300 1183 460 1228 ἐείκοσι
488 1185 634 1238 ἒπίσας
662 1201 794 1241 agere
824 1193 1003 1231 constat.
1045 1187 1168 1230 Hanc
1200 1184 1393 1229 Bekkeri
1423 1184 1681 1227 sententiam

228 1255 341 1298 bene
374 1256 576 1299 refutavit
606 1256 797 1300 Leskien
840 1258 868 1301 l.
899 1273 935 1301 c.
979 1258 1095 1315 p.30
1124 1273 1179 1301 ss.
1252 1256 1340 1312 Qui
1381 1255 1599 1313 digamma
1637 1256 1682 1297 in

228 1317 403 1371 ἆνδάνώ
438 1322 481 1371 et
510 1323 721 1382 ὄινοχοεῖν
748 1344 925 1372 servare
953 1331 1059 1384 vult,
1096 1330 1133 1372 is
1158 1330 1309 1384 legere
1339 1328 1470 1371 debet
1497 1324 1677 1370 fdvdave

228 1404 272 1441 et
299 1398 534 1452 ἐτὸινοχόει
563 1401 655 1455 (aut
671 1398 906 1457 ἐῳνοχόει).
937 1402 1118 1445 Constat
1143 1401 1274 1452 enim,
1306 1400 1381 1443 ubi
1399 1406 1681 1455 augmentum

226 1472 468 1528 temporale
498 1472 642 1514 locum
672 1472 851 1524 obtinet,
881 1472 942 1515 ibi
975 1473 1193 1528 digamma
1222 1473 1309 1513 vim
1341 1477 1471 1527 atque
1497 1471 1674 1513 auctori-

226 1547 357 1584 tatem
389 1558 509 1585 suam
541 1543 749 1588 amisisse.
777 1543 878 1587 Non
907 1543 1034 1586 aliter
1064 1558 1134 1587 res
1164 1558 1211 1587 se
1238 1544 1369 1586 habet
1395 1544 1439 1585 in
1454 1537 1680 1599 ἠίσκομενς

225 1612 351 1656 litera
383 1613 566 1657 Aeolica
595 1615 631 1659 si
661 1615 705 1658 in
735 1616 816 1658 hac
847 1615 985 1658 forma
1014 1616 1192 1667 valeret,
1244 1615 1369 1658 nobis
1403 1612 1683 1657 scribendum

224 1691 351 1728 esset.
379 1686 637 1741 fef-[onomat
667 1702 747 1745 pro
777 1687 1064 1743 &fiefloxopaeu
1113 1687 1224 1731 Cum
1253 1693 1397 1729 autem
1424 1686 1562 1745 prima
1593 1686 1683 1743 syl·

224 1757 321 1800 laba
360 1757 617 1815 productam
662 1772 708 1801 se
747 1759 968 1815 praebeat,
1010 1758 1197 1815 ideoque
1238 1757 1362 1801 nobis
1404 1757 1681 1801 statuendum

224 1830 291 1882 sit,
309 1835 589 1885 augmentum
607 1831 849 1886 temporale
871 1831 917 1872 in
932 1846 1042 1873 voce
1055 1836 1203 1873 nostra
1226 1830 1387 1884 valere,
1403 1829 1682 1872 scribendum

222 1907 307 1944 est:
345 1895 561 1958 ἥίσκομεν.
616 1901 851 1946 Productio
901 1904 1053 1946 literae
1089 1902 1251 1945 vocalis
1281 1920 1307 1960 ῃ
1339 1902 1385 1944 in
1413 1899 1680 1960 μάχῃμιιοδῖε

220 1985 309 2013 non
337 1969 569 2013 offensioni
607 1984 703 2013 esse
737 1977 891 2027 potest,
926 1987 1024 2014 cum
1054 1972 1320 2015 Hoffmanno
1352 1972 1461 2015 duce
1497 1974 1539 2027 (Ι
1560 1973 1678 2031 p.60)

222 2042 330 2083 haec
359 2041 519 2084 vocalis
550 2042 697 2099 quavis
730 2043 815 2084 arsi
856 2049 955 2086 ante
993 2058 1123 2086 voces
1163 2059 1188 2085 a
1225 2044 1352 2086 litera
1393 2044 1536 2086 vocali
1576 2043 1680 2086 inci-

222 2111 392 2169 pientes
425 2112 758 2170 productionem
789 2126 965 2156 servare
993 2114 1143 2171 possit.
1214 2114 1336 2167 Quae
1380 2127 1450 2157 res
1494 2129 1593 2157 cum
1622 2114 1681 2157 ita

221 2183 289 2238 sit,
319 2189 483 2226 tantum
522 2197 609 2225 uno
643 2183 741 2226 loco
773 2183 989 2239 digamma
1019 2184 1064 2227 in
1091 2199 1199 2228 voce
1229 2184 1358 2229 ἐίσκω
1389 2184 1677 2242 apudHome-

222 2269 317 2297 rum
344 2254 433 2297 vim
463 2269 582 2297 suam
615 2254 806 2297 amisisse
837 2255 1050 2311 videmus,
1092 2256 1208 2314 quod
1237 2272 1318 2300 nos
1349 2257 1560 2313 impedire
1590 2272 1678 2300 non

220 2330 377 2381 potest,
424 2324 527 2381 quin
553 2325 649 2367 aliis
680 2325 802 2377 locis,
846 2326 923 2369 ubi
953 2326 1035 2369 hoc
1065 2328 1249 2370 verbum
1282 2334 1413 2382 extat,
1459 2328 1678 2385 digamma

221 2401 470 2439 statuamus-

351 2467 427 2512 Sic
457 2483 556 2511 cum
585 2468 830 2525 linguarum
863 2471 1185 2527 comparatione
1220 2477 1310 2515 tum
1350 2472 1618 2529 argumentis
1652 2488 1677 2517 e

217 2552 265 2580 re
295 2539 473 2581 metrica
502 2539 695 2596 repetitis
724 2547 904 2595 constat,
939 2539 1075 2598 ἔοικα,
1122 2542 1251 2586 ἐίσκω
1281 2544 1336 2586 ad
1365 2544 1559 2587 radicem
1587 2546 1675 2588 skr.

216 2610 342 2666 „vi9“
367 2610 600 2669 pertinere,
631 2626 739 2668 quae
768 2612 815 2656 in
843 2613 996 2670 lingua
1031 2613 1204 2659 Graeca
1242 2622 1359 2659 certa
1389 2616 1568 2674 reliquit
1605 2631 1675 2660 ve·

218 2682 372 2740 stigia;
401 2697 509 2741 quae
537 2683 572 2726 si
601 2686 915 2742 persequimur,
964 2701 1138 2731 sensum
1171 2688 1446 2746 primitivum,
1493 2690 1566 2748 qui
1608 2706 1674 2733 ra-

219 2753 318 2809 dici,
347 2770 418 2797 nn
444 2754 570 2810 inest,
615 2755 756 2800 adhuc
787 2772 1056 2815 cognoscere
1086 2774 1328 2817 possumus.
