1984 3332
0 2693 7 2739 ‘r

0 2745 3 2803 l

0 2823 11 2908 3

942 141 1024 185 129

253 264 428 309 Deinde
458 265 502 307 in
530 265 681 321 lingua
710 264 871 307 Latina·
894 264 1036 306 adhuc
1056 269 1205 305 extant
1225 264 1440 321 exempla,
1460 263 1614 319 quibus
1632 264 1715 319 „a“

255 338 505 380 nominativi
534 338 578 379 in
611 337 670 379 eis
701 337 895 392 vocibus,
927 350 1036 392 quae
1062 342 1160 379 sunt
1183 335 1379 379 feminini
1408 337 1597 391 generis,
1612 351 1713 392 qua-

255 423 438 466 rumque
481 408 610 465 stirps
659 408 703 451 in
747 410 829 463 „a“
875 407 1049 462 desinit,
1094 407 1403 464 antiquissimis
1445 406 1713 464 temporibus

256 479 417 534 longae
469 480 662 535 syllabae
711 494 956 522 mensuram
1010 480 1245 522 obtinuisse
1296 480 1551 522 ostenditur.
1638 479 1712 524 Sic

255 549 372 606 apud
411 549 602 592 Ennium
647 549 828 603 (Annal.
861 549 959 603 148)
999 550 1200 604 „aquila“
1237 566 1260 591 a
1293 550 1546 607 productum
1590 565 1712 608 prae·

254 621 332 663 bet
378 621 461 665 cf.:

452 703 537 758 „Et
566 704 714 746 densis
744 704 888 758 aquila
917 704 1073 760 pennis
1105 705 1266 747 obnixa
1296 706 1500 747 volabat“

255 788 456 844 idemque
488 793 554 828 est
584 787 627 828 in
657 787 797 829 Plaut.
828 787 953 830 Asin.
974 787 1075 829 762:

452 869 548 924 „Ne
576 862 762 926 epistula
791 868 964 926 quidem
996 870 1084 911 lilla
1115 870 1168 911 sit
1203 869 1246 912 in
1277 869 1486 928 aedibus“⁴

256 960 386 1008 atqu'e
417 954 461 995 in
493 953 745 1010 Scipionum
775 951 911 995 titulis
939 952 1128 995 invenis:

451 1036 623 1090 „Quoei
652 1036 740 1077 vita
772 1035 1065 1091 defecit,.n6n
1096 1037 1249 1092 honos,
1278 1037 1458 1088 honore.

257 1126 312 1167 cf.
344 1125 557 1168 Gorssen:
590 1125 617 1167 l.
649 1141 682 1167 c.
717 1125 736 1166 I
765 1141 805 1182 p.
835 1126 918 1167 330
948 1141 1003 1167 ss.
1064 1126 1300 1168 Biicheler:
1364 1127 1606 1169 Grandriss
1638 1128 1714 1169 der

262 1199 337 1241 lat.
368 1196 647 1240 Declination
677 1214 717 1255 p.
737 1198 775 1241 9.

390 1271 513 1323 Quae
543 1284 613 1312 res
644 1285 742 1312 cum
773 1271 832 1312 ita
860 1270 932 1324 sit,
960 1285 1047 1312 non
1079 1270 1243 1325 dubito,
1272 1271 1376 1326 quin
1407 1286 1457 1314 ea
1487 1257 1715 1327 sententia,

261 1358 372 1398 quae
414 1342 548 1386 breve
588 1342 695 1385 illud
734 1358 761 1384 α
799 1343 1056 1385 nominativi
1102 1357 1155 1385 ex
1184 1344 1209 1383 a
1247 1342 1457 1400 producto
1506 1343 1716 1401 prodiisse

259 1415 426 1470 statuit,
454 1421 573 1457 certo
590 1414 869 1456 fundamento
890 1414 1074 1468 nitatur;
1106 1416 1385 1469 quamobrem
1402 1430 1488 1457 non
1508 1422 1585 1470 est,
1602 1416 1717 1471 quod

260 1487 483 1541 miremur,
513 1485 626 1544 apud
659 1486 903 1528 Homerum
934 1491 1051 1528 certa
1078 1486 1262 1541 vestigia
1289 1486 1438 1528 relicta
1470 1501 1577 1541 esse,
1608 1501 1716 1543 quae

260 1559 294 1600 si
330 1558 644 1615 persequimur,
674 1558 783 1599 hane
813 1563 1004 1599 nostram
1020 1557 1275 1599 sententiam
1295 1559 1467 1600 firmare
1489 1558 1710 1613 videntur3

261 1633 322 1675 sic
349 1631 464 1674 enim
492 1631 632 1673 hiatus
661 1636 790 1686 atque
820 1629 1144 1688 productiones,
1190 1644 1293 1686 quas
1333 1630 1438 1672 haec
1467 1630 1714 1673 terminatio

262 1704 460 1747 effecisse
494 1703 676 1757 videtur,
707 1703 863 1745 iustam
892 1703 1052 1744 habent
1086 1702 1427 1745 excusationem.

393 1776 482 1819 Iam
513 1782 739 1834 postquam
771 1790 843 1818 eos
873 1776 992 1818 locos
1025 1774 1315 1830 tractavimus,
1344 1775 1416 1818 ubi
1434 1774 1573 1818 hiatus
1593 1789 1615 1818 e
1648 1775 1717 1818 fir·

262 1850 396 1892 miore
426 1855 577 1891 natura
606 1849 766 1892 vocalis
798 1848 879 1901 ,-,a“
909 1848 1063 1891 iustam
1092 1848 1249 1905 repetit
1277 1847 1625 1904 explicationem,
1662 1848 1715 1889 ad

263 1937 358 1964 eam
402 1921 656 1963 sententiam
696 1920 965 1970 adducimur,
1011 1936 1038 1961 α
1067 1919 1196 1961 finale
1227 1926 1316 1961 tum
1348 1920 1606 1962 sanskritico
1635 1921 1718 1974 „a“

264 1992 543 2049 respondere,
571 2007 668 2034 cum
698 2006 751 2033 ex
783 1991 1021 2046 antiquiore
1041 1993 1221 2032 aortum
1251 1991 1318 2042 sit,
1349 2004 1457 2046 quae
1487 1989 1718 2047 productio

263 2064 307 2104 in
342 2064 529 2106 maxima
559 2070 679 2121 parte
710 2077 856 2105 earum
886 2077 1057 2117 vocum,
1074 2076 1182 2118 quae
1204 2063 1288 2104 huc
1308 2062 1563 2104 referendae
1582 2069 1719 2116 crant,

261 2132 431 2179 literam
462 2137 653 2179 nasalem
681 2142 777 2191 post
806 2135 833 2176 ἅ
864 2135 1062 2178 amissam
1092 2150 1186 2177 esse
1218 2134 1498 2178 demonstrat.

395 2210 488 2252 Iam
520 2208 772 2250 accedamus
805 2207 858 2249 ad
888 2207 1081 2250 vocalem
1111 2223 1131 2249 ε
1166 2207 1551 2250 considerandam!
1625 2208 1718 2249 Pri-

265 2296 380 2324 mum
409 2294 586 2336 agemus
620 2280 673 2322 de
704 2279 897 2322 vocativo
925 2279 1102 2322 secundi
1130 2280 1332 2322 flexionis
1359 2279 1540 2335 ordinis,
1571 2280 1643 2336 qui
1672 2280 1717 2321 in

266 2369 286 2395 ε
317 2353 486 2395 desinit.
544 2353 662 2394 Illud
692 2368 712 2394 ε
744 2353 908 2394 hiatum
936 2351 1135 2401 effecisse,
1167 2351 1354 2406 videtur,
1399 2353 1471 2408 qui
1513 2358 1634 2394 extat
1673 2352 1719 2393 in

266 2439 443 2467 caesura
474 2423 691 2467 trochaica
719 2423 844 2480 pedis
874 2423 1013 2466 tertii:
1045 2424 1101 2466 cf.
1132 2422 1336 2466 Hoffm.I
1366 2439 1407 2480 p.
1423 2423 1490 2466 89.

659 2497 803 2540 2385.
833 2493 1093 2550 τανύπεπλε,
1123 2492 1297 2547 ἱκάνεις.

397 2568 506 2612 Cum
534 2568 578 2610 in
603 2568 740 2611 Iliade
770 2584 857 2611 non
886 2567 1125 2610 invenerim
1150 2568 1307 2621 locum,
1337 2567 1411 2609 ubi
1430 2567 1601 2623 syllaba
1618 2568 1716 2609 bre-

265 2641 329 2683 vis
361 2642 404 2683 in
434 2641 602 2683 literam
633 2655 864 2683 consonam
896 2641 1048 2683 exiens
1078 2646 1177 2683 ante
1208 2636 1339 2681 ἱκάνω
1372 2639 1642 2696 producitur,
1661 2639 1716 2682 ad

267 2713 483 2768 digamma
512 2727 599 2754 non
631 2711 974 2768 confugiendum
1007 2727 1101 2755 esse
1131 2718 1249 2769 puto,
1282 2711 1357 2766 (cf.
1388 2711 1510 2754 Curt.
1532 2717 1581 2766 p.
1608 2710 1720 2765 128),

1432 2782 1458 2825 9
