1984 3332
964 194 1020 238 50

261 326 352 363 tem
383 319 616 364 difficultas
645 319 824 362 metrica
852 326 1115 371 removetur,
1164 321 1200 363 si
1238 336 1334 364 cum
1364 321 1567 365 Bekkero
1608 320 1716 377 legi-

263 408 358 436 mus
386 391 459 435 καί
486 388 737 436 Ἑιπάνασσα.
781 391 892 436 Cum
922 398 1066 435 autem
1094 393 1207 436 hane
1242 393 1503 451 primitivam
1535 394 1719 437 formam

263 465 397 507 fuisse
430 470 611 519 constet,
640 480 728 507 non
758 464 920 517 dubito,
953 464 1057 520 quin
1089 465 1219 507 etia-m
1241 462 1415 521 Ιάνειρα
1442 480 1467 508 e
1494 463 1720 520 nfoivecqa

263 542 358 578 orta
386 536 454 590 sit,
477 551 605 591 quam
633 536 817 578 formam
846 535 988 578 adhuc
1018 536 1265 580 invenimus
1292 539 1410 581 247.

374 605 486 652 ἔνθα
516 608 553 651 δ’
587 605 661 664 ἔην
690 607 890 664 Κλυμένη
921 604 1144 664 πω-άνειρά
1169 626 1218 653 τε
1245 610 1317 653 καὶ
1343 606 1599 655 πιπάνασσα.

253 680 556 733 *Quamobrem
586 678 787 720 assentiri
817 692 905 720 non
931 693 1107 736 possum
1134 680 1384 736 Leskienio,
1415 681 1531 737 quil.
1549 695 1582 722 e.
1604 695 1646 737 p.
1669 680 1718 720 17

263 768 390 804 „cum
427 751 596 793 literai
638 751 818 808 stirpem
860 752 981 795 vocis
1019 752 1088 804 n'g
1132 753 1346 797 contineri
1391 754 1513 797 nulla
1551 753 1719 796 ratione

260 821 437 880 probari
467 821 643 878 possit,“
673 821 893 877 digamma
921 822 989 864 his
1016 823 1196 866 vocibus
1227 838 1313 867 non
1342 824 1506 867 tribuit.

392 894 485 936 Iam
515 895 770 949 quaestione
799 901 945 936 nostra
975 895 1030 937 de
1061 911 1168 939 voce
1200 891 1308 952 ἀνήρ
1356 897 1412 938 ad
1453 897 1583 939 finem
1625 910 1720 952 per-

262 964 405 1018 ducta,
434 964 559 1007 nobis
588 964 864 1007 statuendum
893 971 972 1019 est,
1014 965 1233 1021 digamma
1277 967 1395 1009 vocis
1424 961 1529 1023 ἆνήρ
1561 966 1646 1008 iam
1674 965 1720 1007 in

265 1036 530 1080 carminibus
562 1036 807 1078 Homericis
835 1036 881 1078 in
913 1050 964 1079 eo
995 1037 1146 1092 fuisse,
1189 1044 1237 1080 ut
1263 1037 1488 1095 paullatim
1521 1052 1544 1080 e
1571 1038 1722 1093 lingua

269 1107 540 1151 Graecorum
574 1114 873 1162 evanesceret,
917 1108 1036 1150 locos
1065 1114 1208 1150 autem
1235 1109 1437 1163 inveniri,
1479 1109 1632 1165 quibus
1659 1107 1722 1149 di-

260 1193 434 1234 gamma
464 1179 721 1235 antiquioris
749 1180 896 1237 poesis
937 1194 1062 1222 usum
1101 1180 1312 1222 imitatum
1348 1180 1436 1221 vim
1476 1195 1597 1222 suam
1631 1194 1719 1222 ser-

263 1251 446 1295 vaverit.

394 1323 488 1366 Iam
519 1322 711 1365 animum
743 1322 1015 1365 advertamus
1044 1321 1100 1364 ad
1127 1323 1260 1365 finem
1289 1320 1415 1378 pedis
1445 1321 1598 1379 quarti,
1643 1320 1722 1363 ubi

263 1409 321 1439 ex
356 1394 661 1453 exemplorum
703 1408 901 1449 numero,
947 1408 1056 1451 quae
1086 1393 1378 1438 Hoffmannus
1407 1393 1524 1451 p.9o
1564 1393 1720 1449 attulit,

255 1467 391 1509 A157
408 1467 718 1524 excipiendum
748 1481 842 1509 esse
859 1466 984 1509 nobis
999 1480 1254 1523 persuasum
1285 1472 1363 1509 est.
1391 1465 1461 1508 Ibi
1491 1465 1607 1508 enim
1638 1465 1722 1521 spi-

260 1553 364 1582 rans
391 1538 560 1581 labialis
590 1538 726 1581 hiatui
756 1538 927 1581 veniam
958 1537 1052 1593 dat3
1086 1537 1248 1593 legitur
1273 1538 1357 1580 hoc
1385 1537 1510 1580 loco:

485 1603 616 1664 οἷὲρεά
641 1626 689 1652 τε
718 1606 918 1653 σκιόεντα
944 1606 1151 1653 θάλασσά
1181 1625 1228 1652 τε
1258 1603 1450 1665 ἠχήεσσα

262 1675 376 1738 ἤχέω
394 1680 556 1723 alitera
577 1680 759 1739 spiranti
777 1676 1010 1738 incepisse,
1032 1680 1244 1736 colligere
1262 1694 1490 1737 possumus
1507 1693 1563 1722 ex
1581 1678 1716 1734 hiatu,

264 1754 339 1809 qui
370 1759 489 1795 extat
520 1753 567 1794 in
586 1752 770 1795 vocibus
786 1745 928 1808 ἅηχος,
945 1747 1157 1808 κακοηχής
1176 1752 1252 1806 (cf.
1267 1752 1382 1794 Pott.
1410 1750 1479 1793 Et.
1495 1750 1718 1804 Forsch.I,

265 1824 388 1881 224);
418 1824 563 1880 itaque
590 1839 678 1867 non
710 1823 871 1876 dubito,
900 1823 1003 1881 quin
1015 1823 1140 1866 Pohl.
1168 1823 1197 1865 1.
1214 1838 1252 1865 c.
1282 1838 1324 1880 p.
1343 1822 1395 1865 21
1426 1828 1470 1864 et
1495 1822 1547 1864 L.
1564 1821 1720 1879 Meyer

266 1897 371 1952 Vgl.
404 1896 484 1940 Gr.
514 1896 554 1951 I,
581 1896 687 1951 427,
729 1902 894 1939 rectam
932 1896 1246 1952 amplectantur
1289 1895 1571 1949 sententiam,
1618 1909 1717 1937 cum

265 1968 459 2026 stirpem,
490 1982 600 2025 quae
627 1967 733 2010 latet
762 1968 840 2010 sub
870 1967 1004 2010 verbo
1032 1960 1143 2024 ἧχέω
1178 1966 1281 2022 (ax),
1320 1965 1501 2009 eandem
1531 1980 1626 2009 esse
1658 1965 1719 2008 di-

265 2046 380 2093 cant,
433 2053 543 2093 quae
588 2039 808 2080 invenitur
843 2040 889 2079 in
928 2039 1063 2080 verbo
1107 2035 1270 2090 ch-o'qgw
1309 2039 1382 2091 (cf.
1424 2034 1600 2090 ἆυιαχος
1639 2053 1718 2093 pro

260 2106 483 2166 oinaxogk
530 2109 708 2167 stirpem
745 2115 892 2153 autem
934 2125 1018 2163 fax
1055 2108 1193 2153 fuisse
1234 2108 1363 2153 etiam
1405 2108 1540 2153 latino
1583 2109 1718 2153 verbo

262 2185 449 2240 „vagio“
478 2185 688 2238 firmatur,
719 2184 836 2240 quod
864 2182 1046 2227 Lottner
1075 2183 1152 2238 (Kss
1184 2184 1234 2226 Z.
1253 2184 1344 2227 VII
1371 2184 1527 2241 p.178)
1558 2184 1720 2226 nostris

262 2257 445 2300 vocibus
475 2262 705 2314 comparat.
773 2256 865 2299 Iam
910 2255 946 2299 si
977 2255 1221 2300 Homerum
1260 2255 1528 2314 inspicimus,
1572 2255 1719 2300 nullus

264 2329 487 2390 invenitur
517 2328 657 2382 locus,
687 2328 760 2383 qui
790 2328 1010 2382 digammo
1039 2327 1351 2383 impedimento
1384 2334 1461 2369 est.
1509 2327 1720 2381 Legimus

263 2401 380 2445 enim
413 2400 458 2444 in
483 2399 622 2444 Iliade
649 2396 1034 2457 πολυηχήςΔ422,
1062 2399 1136 2443 ubi
1163 2398 1305 2443 hiatus
1344 2398 1486 2443 media
1524 2399 1569 2443 in
1595 2414 1719 2455 voce,

262 2472 337 2529 qui
365 2472 411 2514 in
443 2472 532 2514 fine
561 2471 690 2529 pedis
715 2472 832 2513 tertii
864 2478 995 2526 extat,
1022 2485 1107 2514 non
1137 2471 1267 2514 habet
1291 2471 1446 2514 iustam
1478 2471 1716 2515 excusatio-

261 2560 377 2599 nem,
416 2558 561 2600 neque
591 2544 717 2586 aliter
747 2558 818 2586 res
846 2559 893 2586 se
922 2544 1054 2586 habet
1083 2545 1128 2586 in
1154 2540 1427 2600 περιήχησεν,
1469 2544 1586 2601 quod
1609 2543 1719 2599 legi-

261 2631 357 2659 mus
386 2618 440 2657 H
446 2616 542 2658 267.
599 2615 712 2658 Tum
741 2615 884 2658 sexies
913 2615 959 2657 in
988 2615 1141 2658 eadem
1170 2630 1322 2658 versus
1352 2615 1457 2658 sede
1497 2614 1718 2657 invenitur

261 2688 451 2733 formula
478 2686 692 2743 πολέμοιο
726 2686 939 2745 δυςηχέος,
968 2687 1056 2741 ubi,
1100 2687 1135 2731 si
1160 2703 1258 2731 cum
1285 2688 1492 2732 Bekkero
1521 2685 1717 2741 πολέμου

258 2760 462 2814 legimus,
505 2759 672 2815 syllaba
700 2760 777 2809 δυς
812 2760 860 2805 in
889 2760 974 2802 fine
1006 2759 1131 2815 pedis
1160 2760 1277 2802 tertii
1306 2758 1564 2816 producitur
1591 2757 1646 2800 cf.
1677 2760 1718 2798 B
