1984 3332
983 137 1065 190 132

288 266 445 309 kritica
475 273 641 309 tantum
669 281 849 309 munere
887 267 1040 310 literae
1069 268 1247 311 initialis
1282 273 1356 323 „t“
1398 270 1523 326 fungi
1566 279 1745 316 constat.

286 338 523 383 Praeterea
553 345 695 382 autem
724 338 829 381 mihi
859 352 947 381 non
977 339 1303 396 neglegendum
1337 355 1431 384 esse
1468 341 1641 386 videtur
1669 343 1744 386 ad-

285 411 490 454 iectivum
507 407 710 467 θεουδής,
726 409 840 467 quod
853 409 1164 453 Buttmannum
1185 411 1376 464 (Lexil.I
1403 413 1556 470 p.170)
1570 421 1742 459 secutus

286 483 394 526 abea
414 482 578 535 radice,
595 496 703 537 quae
724 483 804 524 sub
827 481 964 524 verbo
995 481 1125 526 δείδω
1153 484 1273 537 latet,
1303 499 1390 527 non
1422 485 1743 542 segregandum

287 572 380 600 esse
397 564 514 613 puto.
539 555 601 600 Ut
619 555 732 597 onim
747 555 883 611 δοῦρα
899 571 922 599 e
934 553 1081 611 diosa,
1094 559 1224 612 γοῦνα
1237 572 1259 600 e
1278 554 1423 614 ybvfia,
1439 555 1564 617 νεύρη
1578 575 1601 604 e
1617 559 1743 618 νέρπη

286 630 359 683 (cf.
384 629 561 682 nervus)
604 628 760 678 νοῦσος
793 641 816 668 e
859 624 1012 678 vogfiog
1048 629 1122 681 (cf.
1155 629 1243 671 skr.
1273 630 1486 686 nae-vas),
1523 633 1691 686 παῦρος
1718 645 1742 674 e

282 696 458 755 miqstog
489 698 562 753 (ef.
594 699 773 754 parvus)
806 705 900 741 orta
935 706 1065 758 sunt,
1088 699 1146 741 ita
1177 700 1304 742 etiam
1337 697 1527 758 θεουδής
1556 716 1578 744 e
1608 702 1743 746 θεοδ-

282 768 362 829 πής
407 771 620 827 originem
671 770 809 812 duxit.
866 768 971 812 Alia
1012 771 1180 813 ratione
1224 771 1519 828 diphthongus
1563 788 1614 816 ov
1655 788 1741 816 non

282 850 404 887 recte
435 842 694 899 explicatur.
754 841 900 895 Quam
936 843 990 885 ob
1021 857 1112 886 rem
1140 843 1327 900 probare
1356 858 1441 887 non
1470 859 1645 902 possum
1678 859 1741 900 ea,

285 929 394 970 quae
411 915 661 957 Diintzcrus
691 915 745 956 dc
778 914 948 969 origine
980 914 1106 956 huius
1135 915 1336 957 adiectivi
1366 916 1612 973 disputavit,
1642 932 1739 959 cum

284 986 503 1042 antiquam
551 985 865 1028 derivationem
908 1001 933 1027 a
973 982 1083 1036 θεὸς
1122 991 1164 1027 et
1200 984 1320 1029 ἁδεῖν
1346 987 1518 1029 firmare
1559 994 1742 1030 conetur

284 1060 338 1101 ef.
367 1057 422 1101 K.
450 1059 497 1101 Z.
532 1058 647 1101 XIII
673 1073 714 1114 p.
744 1058 807 1100 16.
866 1057 1144 1099 Adiectivum
1186 1054 1340 1111 δεινός,
1380 1058 1494 1114 quod
1528 1058 1571 1100 in
1601 1059 1738 1101 Iliade

282 1129 391 1172 locis
421 1129 659 1185 nonaginta
690 1135 855 1184 septem
885 1128 1062 1183 legitur,
1092 1131 1131 1170 Γ
1143 1128 1221 1170 172
1246 1135 1445 1185 excepto,
1467 1128 1636 1172 literam
1664 1129 1735 1172 du-

281 1202 439 1259 plicem
472 1201 611 1258 poscit
635 1203 681 1243 K
696 1200 791 1242 254.
818 1200 912 1242 272.
941 1202 994 1241 A
1016 1199 1080 1242 10.
1117 1203 1158 1241 Φ
1176 1200 1242 1254 25,
1273 1199 1425 1255 quibus
1454 1200 1560 1244 locis
1594 1202 1737 1245 brevis

282 1273 452 1330 syllaba
483 1273 528 1315 in
560 1272 759 1315 vocalem
790 1271 940 1314 exiens
967 1278 1066 1314 ante
1093 1267 1233 1322 δεινός
1255 1271 1525 1328 producitur,
1554 1287 1736 1331 eamque

280 1345 467 1388 admittit
508 1345 553 1387 in
588 1344 710 1386 initio
747 1358 922 1386 versus:
963 1347 1004 1386 Γ
1018 1344 1112 1386 342.
1151 1346 1189 1386 Ε
1210 1343 1304 1387 439.
1336 1330 1427 1387 739.
1456 1345 1547 1387 742.
1579 1349 1622 1387 Ζ
1644 1345 1735 1390 182.

276 1417 372 1460 470.
405 1420 457 1459 Η
477 1417 571 1461 346.
608 1418 646 1460 Θ
674 1416 765 1460 135.
797 1418 849 1458 A
869 1416 936 1459 37.
966 1416 1061 1459 654.
1100 1420 1147 1459 N
1167 1416 1259 1458 100.
1290 1415 1327 1463 Ξ
1354 1415 1449 1459 385.
1477 1417 1573 1459 401.
1607 1418 1644 1461 Ο
1670 1418 1734 1461 13.

277 1488 441 1532 Π566.
473 1489 566 1531 706.
599 1489 692 1531 789.
724 1488 874 1531 Ρ211.
903 1490 942 1529 Σ
966 1488 1061 1531 226.
1094 1488 1212 1530 Τ17.
1247 1489 1365 1531 Υ56.
1399 1488 1549 1531 Φ24Ο.
1577 1489 1733 1531 Χ134.

283 1563 326 1602 Ψ
350 1560 445 1604 688.
483 1561 586 1615 815;
637 1566 867 1616 praeterea
908 1559 1060 1601 literae
1100 1558 1265 1616 duplici
1303 1574 1390 1602 non
1427 1559 1737 1617 impedimento

277 1638 376 1674 sunt
415 1635 468 1673 A
494 1631 590 1674 200.
634 1634 673 1673 Ε
702 1632 795 1673 741.
827 1630 924 1673 839.
962 1634 1004 1671 Ζ
1031 1630 1126 1672 380.
1152 1630 1246 1673 385.
1285 1635 1326 1671 Ζ
1349 1630 1444 1684 394,
1484 1632 1554 1673 ubi
1599 1628 1739 1683 δεινός

277 1705 453 1759 longam
485 1702 700 1758 syllabam
740 1701 920 1758 excipit,
959 1707 1002 1743 et
1044 1705 1082 1742 Ι’
1104 1700 1198 1743 337.
1243 1704 1286 1744 Δ
1311 1701 1406 1745 514.
1448 1705 1501 1745 H
1521 1702 1616 1746 245.
1642 1702 1735 1746 266.

275 1777 326 1816 Λ
351 1774 420 1817 42.
450 1774 547 1816 418.
587 1773 629 1820 Ξ
650 1773 746 1815 415.
791 1775 828 1816 Ο
855 1772 922 1816 38.
952 1773 1048 1814 481.
1087 1775 1139 1813 Π
1166 1772 1256 1815 138.
1302 1776 1338 1814 Y
1361 1772 1455 1816 259.
1486 1773 1560 1815 ubi
1589 1773 1735 1815 brevis

277 1845 446 1900 syllaba
479 1845 523 1886 in
553 1845 722 1886 literam
755 1858 987 1886 consonam
1018 1843 1217 1885 desinens
1245 1844 1458 1886 adiectivo
1489 1841 1629 1895 δεινός
1658 1861 1731 1887 an-

277 1916 451 1960 tecedit.
498 1915 601 1960 Uno
630 1923 797 1958 tantum
826 1917 923 1959 loco
951 1916 1008 1970 (O
1035 1915 1136 1970 626)
1165 1914 1318 1958 literae
1347 1915 1533 1959 initiales
1561 1917 1615 1959 ‹5›-
1645 1931 1732 1959 me-

277 1989 430 2032 tricam
460 1988 660 2033 efficiunt
680 1987 995 2042 difficultatem,
1026 2001 1136 2043 quae
1167 1994 1432 2042 removetur,
1460 1988 1495 2030 si
1529 1988 1732 2044 legimus:

474 2054 578 2118 ὄχνῃ
608 2056 915 2117 ’ὗπεκκρύφθῃ
943 2054 1101 2114 ἀνέμου
1131 2059 1179 2103 δὲ
1207 2056 1374 2112 δῐεινὸς
1403 2054 1523 2117 ἆτ’-τη.

407 2132 561 2189 Itaque
593 2131 822 2189 productio
853 2132 1013 2174 vocalis
1042 2147 1063 2174 ε
1088 2131 1134 2172 in
1161 2124 1285 2187 ἑκυρὲ
1315 2131 1450 2174 literis
1480 2132 1546 2188 df,
1576 2149 1600 2176 a
1634 2134 1730 2190 qui-

274 2204 354 2246 bus
381 2200 522 2254 δεινός
549 2204 822 2246 inchoavisse
855 2209 1037 2257 constat,
1065 2203 1175 2245 iuste
1206 2210 1449 2247 excusatur.

408 2277 520 2319 Tum
551 2276 675 2318 nobis
707 2275 926 2332 agendum
956 2282 1020 2317 est
1050 2274 1104 2317 de
1134 2275 1350 2331 particula
1364 2275 1426 2330 δέ,
1454 2291 1580 2333 quam
1611 2283 1654 2320 et
1683 2277 1729 2320 in

274 2348 392 2391 hiatu
436 2349 620 2406 positam
666 2355 708 2390 et
744 2347 1000 2405 productam
1048 2348 1297 2405 saepissime
1341 2349 1457 2406 apud
1487 2349 1727 2393 Homerum

273 2435 530 2463 mvemmus.

409 2493 565 2536 Hiatus
596 2493 707 2536 enim
754 2498 870 2535 extat
899 2493 943 2535 in
974 2492 1084 2535 thesi
1125 2491 1247 2550 pedis
1289 2493 1439 2551 primi:
1485 2494 1536 2537 cf.
1566 2492 1726 2537 Hoffm.

273 2567 290 2607 I
324 2582 364 2623 p.
395 2566 462 2607 91.

534 2638 692 2680 Λ767.
724 2637 801 2680 νωὶ
830 2636 877 2680 δὲ
907 2634 1030 2680 ἔνδον
1058 2635 1156 2690 (eod
1200 2636 1377 2689 Venet.)

402 2710 524 2752 Idem
555 2717 619 2752 est
646 2709 688 2751 in
708 2725 888 2752 caesura
907 2710 1122 2752 trochaica
1139 2709 1260 2766 pedis
1280 2710 1427 2767 primi:
1463 2711 1519 2753 cf.
1540 2711 1594 2753 H.
1609 2710 1723 2761 1,91.
