1984 3332
976 218 1032 262 56

271 337 527 396 productam
560 352 608 381 se
638 345 829 395 praestat
858 340 904 382 in
933 338 1073 382 forma
1113 339 1313 385 εἰοικυῖαι
1351 343 1390 383 Σ
1412 340 1511 396 418,
1553 355 1663 397 quae
1703 355 1729 384 e

270 412 511 455 fefolxv'lou,
540 415 635 453 orta
674 416 778 453 erat.
853 410 1008 466 Itaque
1041 412 1271 455 Bekkerus
1315 427 1403 455 non
1439 407 1647 468 fsstfinsw
1685 417 1729 454 et

268 483 524 524 πειροικυῖαι
563 481 715 538 legere
754 481 971 537 debebat„
1000 483 1077 526 sed
1113 483 1149 526 si
1185 500 1213 527 st
1239 483 1414 526 servare
1454 483 1642 540 volebat,
1688 482 1728 526 ei

267 554 559 596 restituendae
590 559 715 596 erant
741 554 905 597 formae
945 555 1161 599 fefolusw
1206 563 1249 600 et
1289 559 1550 610 fefomvlac3
1594 562 1724 612 atque

270 624 497 682 quominus
513 624 728 667 feminee-v
747 625 959 681 legamus,
991 627 1099 670 nihil
1115 643 1194 671 nos
1211 628 1412 686 prohibet
1427 645 1438 682 3
1454 627 1491 670 si
1511 627 1724 670 rationem

268 696 477 738 habemus
507 696 607 750 loci,
648 697 720 753 qui
760 697 982 740 invenitur
1007 699 1157 752 2418,
1200 700 1274 742 hic
1318 699 1534 756 digamma
1570 698 1728 742 radicis

268 773 441 810 nostrae
471 767 555 810 iam
582 768 879 811 auctoritatem
900 784 1020 812 suam
1053 770 1249 814 amisisse
1268 771 1625 814 verisimillimum
1650 776 1728 826 est,
1789 776 1791 778 ’

268 839 415 895 itaque
443 839 682 895 legendum
710 846 776 883 est
803 840 851 882 in
880 842 968 884 fine
995 856 1170 886 versus:

771 908 957 970 νεήνισιν
988 911 1203 957 εἰοικυῖαι.

401 983 445 1026 Α
474 982 609 1041 stirpe
639 1000 724 1038 nu,
756 985 911 1027 eodem
938 985 1081 1038 modo,
1105 1000 1189 1041 quo
1211 985 1479 1041 δειδίσκομαι
1499 986 1727 1041 (‚,begriis·

271 1057 408 1109 sen“),
440 1055 798 1113 reduplicationis
830 1057 1025 1113 syllabae
1052 1058 1098 1101 in
1128 1058 1194 1101 ὃει
1223 1057 1490 1115 amplificata,
1520 1074 1545 1100 a
1582 1056 1729 1100 radice

266 1128 395 1181 „dicy
438 1128 571 1182 ,‚dik“
610 1128 841 1185 (δείκνυμι)
882 1128 1097 1184 originem
1127 1129 1264 1184 duxit,
1305 1130 1359 1172 cf.
1393 1129 1441 1174 L.
1470 1130 1625 1185 Meyer
1668 1128 1725 1171 K.

270 1200 319 1243 Z.
350 1199 440 1242 VII
485 1215 527 1257 p.
547 1199 645 1254 201,
690 1200 927 1243 derivanda
957 1208 1021 1244 est
1060 1201 1198 1244 forma
1229 1201 1439 1244 intensiva
1470 1201 1598 1244 ἐίσκω
1630 1201 1658 1242 i.
1689 1215 1726 1243 e.

269 1270 472 1314 „esf-[omo.
544 1271 696 1327 Itaque
732 1273 919 1329 probare
956 1287 1043 1316 non
1075 1287 1252 1330 possum
1291 1272 1561 1327 sententiam,
1600 1285 1726 1328 quam

268 1357 409 1399 nuper
436 1343 706 1398 Savelsberg
736 1342 794 1385 K.
822 1344 870 1386 Z.
887 1343 1001 1386 XVI
1028 1360 1070 1401 p.
1088 1345 1170 1386 369
1196 1344 1390 1401 protulit,
1418 1359 1516 1386 cum
1547 1341 1675 1386 ἐῖσκω
1700 1356 1724 1384 e

266 1413 414 1456 radice
442 1428 568 1469 quam
601 1414 764 1465 statuit,
781 1413 937 1468 „vish“
960 1414 1058 1469 ,‚vi“
1089 1416 1340 1471 (separare),
1363 1415 1418 1457 ad
1438 1430 1564 1472 quam
1595 1413 1724 1456 etiam

267 1498 420 1527 vocem
450 1484 540 1528 skr.
568 1484 694 1527 vishu
739 1485 969 1540 (zszcxog)
1013 1485 1162 1540 refert,
1207 1491 1350 1528 ortum
1392 1491 1522 1541 atque
1564 1486 1616 1528 ab
1642 1485 1724 1527 hac

265 1556 405 1598 forma
435 1555 564 1599 ἐίσκω
592 1569 747 1599 novam
776 1556 970 1599 radicem
1000 1573 1084 1611 nn,
1128 1571 1236 1613 quae
1265 1557 1322 1600 sit
1351 1556 1396 1599 in
1425 1556 1615 1611 femma,
1650 1556 1724 1598 de-

265 1627 489 1671 rivandam
518 1643 613 1671 esse
644 1628 904 1686 suspicetur.
929 1629 1017 1673 skr.
1053 1629 1241 1682 „vishu“
1268 1627 1324 1672 ad
1354 1627 1542 1672 radicem
1568 1627 1726 1683 ‚‚vish“

265 1702 547 1756 „separare,“
586 1715 696 1756 quac
732 1715 821 1743 non
863 1700 992 1742 certis
1024 1700 1279 1743 testimoniis
1305 1701 1472 1744 firmata
1502 1700 1549 1741 in
1576 1700 1726 1756 lingua

267 1771 523 1815 sanskritica
552 1772 786 1824 invenitur,
818 1771 1099 1815 referendum
1128 1785 1238 1825 esse,
1267 1785 1356 1814 non
1386 1776 1571 1826 constat;
1603 1784 1724 1829 prae-

268 1851 401 1898 terea,
437 1844 654 1899 quomodo
691 1860 716 1886 a
746 1844 977 1901 separandi
1005 1844 1182 1886 notione
1211 1842 1267 1885 ad
1295 1842 1521 1900 aequitatis
1550 1857 1724 1886 sensum

263 1916 582 1973 perveniamus,
623 1916 826 1973 equidem
858 1930 946 1959 non
976 1916 1201 1971 intellego.
1231 1915 1432 1970 sesiam,
1476 1915 1545 1958 cui
1590 1916 1723 1958 verbo

265 1987 381 2029 inest
409 1987 551 2030 notio:
598 1987 818 2045 „aliquem
857 2002 1019 2044 parem,
1063 2001 1248 2042 aequum
1282 1987 1427 2029 facere
1469 1987 1496 2030 i.
1528 2000 1565 2030 e.
1596 1986 1722 2029 aesti-

267 2059 417 2101 mare“
437 2059 544 2102 cf.E
550 2059 644 2113 181,
669 2075 693 2101 a
712 2074 795 2115 qua
812 2060 991 2102 notione
1006 2059 1252 2115 profectum
1281 2058 1409 2101 ἕίσκω
1442 2072 1494 2101 eo
1509 2058 1723 2116 pervenit,

265 2136 313 2172 ut
342 2129 460 2173 idem
488 2131 646 2186 valeat,
676 2130 792 2187 quod
815 2131 948 2174 verba
962 2129 1238 2185 „aestimare,
1260 2129 1494 2183 iudicare,“
1523 2128 1568 2171 in
1582 2128 1723 2172 Iliade

266 2207 455 2259 quinque
473 2202 580 2245 locis
596 2203 761 2259 legitur
780 2203 837 2246 cf.
859 2207 899 2245 Γ
914 2203 1007 2245 197.
1032 2205 1071 2245 Ε
1085 2202 1177 2244 181.
1214 2206 1260 2244 N
1266 2202 1361 2244 446.
1394 2205 1434 2243 Φ
1451 2200 1546 2244 332.
1575 2202 1616 2243 Ω
1630 2201 1723 2245 371.

265 2277 304 2315 Γ
316 2273 393 2315 197
423 2278 467 2315 et
494 2277 542 2316 N
549 2273 632 2316 446
668 2273 841 2329 syllaba
884 2272 1029 2316 brevis
1070 2273 1116 2315 in
1148 2272 1341 2322 vocalem
1382 2271 1582 2314 desinens
1626 2277 1725 2314 ante

267 2342 399 2387 ἐίσκω
430 2344 477 2385 in
505 2358 683 2386 caesura
710 2344 927 2387 trochaica
955 2344 1082 2401 pedis
1105 2342 1222 2385 tertii
1237 2342 1400 2385 hiatum
1426 2342 1577 2395 efficit3
1606 2342 1724 2384 idem

265 2420 331 2456 est
364 2414 515 2468 9371,
545 2415 619 2457 ubi
647 2415 693 2456 in
723 2416 810 2458 fine
840 2429 990 2458 versus
1015 2414 1224 2470 legimus:

664 2486 779 2544 φίλῳ
809 2486 857 2530 δέ
885 2501 934 2531 σε
964 2485 1099 2542 πατρὶ
1128 2485 1281 2543 §ianm

266 2571 525 2613 quamquam
556 2557 801 2601 terminatio
832 2558 980 2601 Dativi
1010 2573 1075 2614 sg.
1104 2558 1150 2600 in
1178 2574 1195 2601 ι
1225 2557 1376 2600 exiens
1403 2555 1449 2597 in
1466 2554 1725 2598 carminibus

266 2628 513 2672 Homericis
541 2628 776 2672 firmiorem
815 2629 1004 2673 servavit
1043 2635 1255 2685 naturam,
1302 2630 1357 2673 cf.
1403 2627 1566 2671 Hoffm.
1608 2642 1649 2684 p.
1670 2627 1725 2670 84

264 2707 412 2744 tamen
428 2700 512 2743 hoc
529 2707 835 2756 argumentum
866 2717 944 2745 nos
961 2702 1196 2760 prohibere
1213 2716 1300 2745 non
1314 2706 1470 2759 potest,
1490 2699 1721 2756 quominus

265 2787 421 2816 vocem
444 2772 574 2816 ἐίσκω
605 2772 821 2829 ᾱίἕαωηιο
849 2773 1124 2818 instruamus.
1177 2774 1230 2817 In
1260 2773 1380 2816 hiatu
1406 2771 1557 2815 illicito
1589 2770 1718 2815 ἐίσκω
