1984 3332
928 187 1007 231 127

375 311 488 355 Tum
524 311 569 353 in
597 311 715 353 hiatu
745 309 899 353 illicito
946 308 1107 367 positas
1147 307 1386 350 invenimus
1426 320 1556 349 voees
1597 305 1700 350 δέκα

243 388 287 426 et
315 378 449 440 παρά.
482 382 535 426 cf.
568 381 732 425 Hoffm.
752 381 775 424 I
803 396 845 439 p.
864 380 932 423 93.

507 495 560 533 A
572 493 639 534 24.
697 494 776 535 τοῦ
816 492 853 533 δ’
900 485 997 548 ἤτοι
1040 490 1142 533 δέκα
1180 487 1314 546 οἶμοι.
1373 489 1477 535 ἔσαν
1517 492 1700 547 μέλανος

1164 560 1352 610 κυάνοιο.

504 639 557 679 Λ
574 636 662 679 109.
683 630 910 696 ”Αν-τιφον
934 629 988 679 αὖ
1017 634 1138 691 παρὰ
1168 628 1244 688 οὖς
1273 634 1400 679 ἔλασε
1430 636 1560 694 ξίφει,
1590 637 1636 678 ἐκ
1657 638 1693 679 δ’

1161 708 1276 763 ἔβαλ’
1306 710 1475 751 ἵππων.

241 832 269 858 α
300 815 345 859 in
374 815 489 870 δέκα,
519 831 615 858 cum
647 830 703 858 ex
730 814 840 868 ,‚an“
859 819 999 857 ortum
1021 813 1158 866 sit‚ef.
1175 814 1281 856 skrt.
1301 813 1496 868 „da9an“
1512 813 1698 869 (schlei-

244 888 373 932 eher:
404 887 806 946 Compend.p.61),
835 887 996 930 hiatum
1027 886 1188 944 optime
1219 886 1336 928 ferre
1366 900 1493 943 posse
1507 893 1698 941 constat3

242 976 342 1004 nam
372 962 623 1019 priusquam
652 960 762 1003 illud
791 976 819 1002 α
846 961 991 1003 brevis
1021 959 1216 1015 syllabae
1248 973 1493 1001 mensuram
1513 959 1695 1016 aceepit,

241 1033 350 1076 haee
380 1033 542 1076 vocalis
574 1032 828 1090 productam
871 1046 917 1075 se
956 1037 1212 1090 praestaret,
1254 1044 1433 1074 necesse
1477 1038 1584 1087 erat,
1624 1031 1697 1085 ita,

240 1111 288 1147 ut
318 1119 373 1148 ex
403 1106 514 1161 ‚,an“
539 1110 737 1147 oreretur
765 1113 813 1157 οῖ,
844 1103 961 1159 quod
994 1109 1145 1160 postea
1173 1100 1265 1145 inci?
1281 1103 1460 1145 transiit.
1490 1103 1698 1145 cf.Kuhn

244 1177 431 1233 (Ztsehr.
448 1178 533 1220 XV
562 1192 602 1235 p.
619 1177 736 1232 405).
793 1176 863 1220 De
901 1175 1221 1235 praepositione
1251 1171 1384 1230 παρὰ,
1427 1190 1551 1232 quae,
1597 1190 1697 1218 cum

242 1264 266 1292 e
299 1249 436 1306 παραὶ
450 1248 662 1307 prodierit
677 1249 746 1302 (cf.
777 1249 949 1305 p.113)‚
986 1248 1219 1290 firmiorem
1250 1248 1414 1290 vocalis
1440 1263 1468 1289 α
1500 1254 1697 1290 naturam

243 1321 444 1376 servavit,
477 1336 564 1364 non
592 1337 700 1378 opus
733 1327 812 1376 est,
838 1320 1055 1378 copiosius
1086 1334 1233 1377 agere.

373 1393 495 1435 Idem
523 1409 552 1434 α
580 1393 789 1435 habemus
819 1393 863 1434 in
899 1389 1023 1447 κατά,
1070 1392 1185 1448 quod
1218 1406 1242 1434 e
1270 1391 1396 1433 καταί
1436 1397 1578 1434 ortum
1616 1398 1695 1434 est.

240 1464 363 1507 Haeo
393 1465 556 1507 vocalis
585 1464 863 1521 producitur:
889 1517 892 1522 .

437 1593 463 1618 κ
491 1577 586 1619 479.
617 1572 659 1618 οὶ
685 1574 764 1631 μὲν
791 1571 1052 1632 κοιμήσαντο
1083 1565 1191 1618 κατὰ
1218 1575 1393 1632 μέγαρα.

437 1650 462 1692 λ
490 1649 585 1692 334.
614 1649 827 1705 κηληθμῷ
856 1649 892 1691 δ’
928 1646 1106 1702 ἔσχοντο
1136 1639 1250 1691 κατὰ
1279 1648 1454 1705 μέγαρα.

439 1722 583 1764 2159.
612 1714 755 1763 ἄλλοτ’
786 1719 1019 1774 ἐπαΐξασκε
1050 1711 1162 1764 κατὰ
1191 1718 1351 1776 μόθον.

437 1794 582 1837 Φ310.
612 1793 828 1849 ἐκπέρσει,
859 1794 1010 1849 Τρῶες
1037 1792 1085 1835 δὲ
1112 1783 1220 1835 nav&
1245 1789 1405 1848 μόθον.

373 1897 529 1954 Neque
557 1898 743 1955 μέγαρον
775 1912 917 1954 neque
948 1895 1095 1953 μόθος
1125 1914 1150 1940 a
1178 1897 1290 1941 binis
1319 1898 1457 1941 literis
1479 1898 1696 1955 incepisse

241 1976 423 2013 constat.

242 2031 249 2035 ⁵⁴
373 2044 465 2086 Iam
497 2058 593 2086 eum
624 2042 1076 2094 demonstraverimus,
1102 2056 1173 2086 eas
1202 2057 1347 2097 voces,
1378 2057 1489 2101 quae
1517 2043 1695 2085 inade-

244 2117 434 2157 sinentes
465 2115 627 2156 hiatum
659 2115 859 2157 effecisse
887 2114 1105 2163 videntur,
1135 2130 1158 2157 e
1183 2115 1375 2158 firmiore
1398 2122 1552 2158 natura
1569 2116 1697 2158 huius

241 2186 402 2230 vocalis
430 2186 586 2230 iustam
618 2193 823 2245 repetere
851 2186 1189 2242 excusationem,
1220 2186 1321 2244 quia
1335 2203 1377 2242 α,
1402 2193 1492 2230 tum
1524 2203 1623 2231 cum
1651 2187 1697 2231 in

241 2259 328 2300 fine
356 2273 511 2301 vocum
539 2259 774 2314 invenitur,
805 2274 862 2301 ex
889 2261 973 2314 „ff
1002 2266 1143 2302 ortum
1177 2274 1273 2301 esse
1302 2260 1466 2314 linguis
1495 2260 1696 2315 cognatis

240 2329 543 2373 adiuvantibus
584 2336 769 2386 constat,
813 2330 934 2375 ouius
972 2330 1126 2374 literae
1167 2330 1396 2388 productio
1432 2330 1478 2373 in
1509 2331 1698 2374 maxima

242 2407 366 2459 parte
383 2417 538 2446 vocum
570 2402 738 2446 literam
767 2403 959 2447 nasalem
987 2402 1189 2445 amissam
1217 2416 1313 2445 esse
1343 2403 1466 2445 nobis
1493 2403 1699 2458 ostendit,

240 2489 328 2516 non
358 2474 502 2517 faeere
530 2490 721 2532 possum,
752 2475 856 2532 quin
888 2476 1016 2519 etiam
1047 2476 1076 2517 ἃ
1106 2475 1359 2518 nominativi
1389 2475 1588 2518 feminini
1617 2490 1697 2531 ge-

239 2545 357 2590 neris
386 2545 484 2589 ideo
517 2546 680 2590 hiatum
712 2546 875 2606 optime
901 2546 1018 2591 ferre
1051 2546 1243 2608 potuisse
1274 2546 1430 2604 dicam,
1459 2548 1560 2607 quia
1590 2548 1697 2591 haee

243 2620 486 2662 terminatio
527 2634 582 2661 ex
611 2636 640 2661 α
669 2621 881 2676 producto
914 2608 1127 2676 originem
1169 2621 1308 2663 duxit.
1392 2621 1488 2663 Hoc
1520 2638 1550 2663 α
1581 2622 1697 2664 enim

240 2693 401 2737 hiatum
432 2693 566 2737 efficit
596 2693 639 2736 in
670 2709 850 2739 caesura
878 2695 1095 2739 trochaica
1121 2695 1245 2754 pedis
1276 2695 1390 2738 tertii
1423 2696 1480 2738 cf.
1499 2694 1696 2740 Hoffm.I

240 2781 281 2821 p.
311 2766 378 2810 88.
404 2767 471 2808 89.
