1984 3332
891 188 946 233 85

328 315 413 358 Illo
441 314 473 369 ἓ,
502 315 617 374 quod
646 315 854 358 habemus
883 313 930 355 in
958 312 1151 367 ἕκαστος,
1180 312 1359 369 stirpem
1386 308 1432 354 ἓν
1459 310 1486 353 i.
1504 325 1542 352 e.
1564 325 1654 352 sam

197 387 409 431 contineri
438 394 617 431 constat.
645 384 803 439 κάστος
833 388 877 430 in
907 384 1090 436 ἕκαστος
1117 384 1173 427 ad
1199 397 1444 442 pronomen
1473 382 1654 424 interro-

198 459 390 514 gativum
419 461 506 503 skr‚
528 462 620 515 kas,
648 476 714 516 gr.
745 476 806 503 πο
836 460 880 501 in
911 474 1000 502 που
1030 457 1243 515 pertinet3
1267 462 1396 512 atque
1413 468 1654 512 pronomen

195 530 552 587 interrogativum
581 530 831 588 saepissime
861 528 1074 583 adhiberi,
1098 527 1153 569 ad
1180 541 1354 569 sensum
1383 524 1654 583 pronominis

194 602 407 644 indefiniti
440 602 770 656 exprimendum
800 615 887 642 non
917 606 993 650 est,
1029 600 1103 654 qui
1136 605 1283 651 neget.
1359 598 1512 652 Itaque
1555 612 1656 639 oum

193 669 215 716 ἑ
246 672 428 716 eandem
457 672 637 730 stirpem
669 664 833 726 offerat,
866 684 975 726 quae
1007 672 1114 713 latet
1148 670 1225 712 sub
1246 682 1355 712 voce
1376 663 1456 719 εἷς,
1474 666 1655 719 ἕκαστος

195 741 311 785 idem
341 742 471 797 valet,
502 741 618 798 quod
650 756 789 796 „unus
819 741 1173 798 quotuscunque“
1191 741 1218 781 i.
1236 754 1272 781 e.
1304 739 1497 796 quisque.
1529 740 1654 780 Hanc

195 829 291 857 esse
318 830 465 857 veram
497 815 709 871 originem
740 814 869 856 huius
899 813 1019 856 vocis
1050 813 1179 856 etiam
1202 812 1323 856 Curt.
1342 827 1383 868 p.
1397 811 1481 853 410
1511 817 1651 853 osten-

194 886 269 929 dit.
299 886 593 941 Quamobrem
624 886 821 930 assentiri
852 901 940 929 non
971 900 1149 943 possum
1186 883 1416 941 Benfeyio,
1446 883 1532 941 qui,
1554 899 1652 926 eum

192 959 235 1002 in
253 959 403 1015 lingua
418 958 672 1001 sanskritica
690 973 929 1015 pronomen
950 958 1180 1000 relativum
1198 972 1295 999 cum
1314 956 1570 1012 pronomine
1589 956 1652 997 in·

192 1031 455 1086 terrogativo
486 1030 762 1073 coniunctum
791 1030 952 1084 sensui,
983 1031 1055 1086 qui
1085 1031 1198 1073 inest
1229 1029 1325 1072 voci
1355 1026 1548 1083 ἕκαστος,
1577 1027 1650 1070 de-

192 1103 423 1146 scribendo
465 1102 685 1156 inserviat,
714 1128 767 1133 ——
797 1103 965 1159 yasmin
1012 1102 1260 1156 kasmineca
1293 1097 1452 1158 g'ayate
1481 1101 1508 1143 i.
1539 1115 1575 1143 e,
1605 1100 1651 1141 in

194 1188 365 1232 quoque
382 1175 573 1217 nascitur
593 1200 645 1206 -—
659 1190 682 1218 e
700 1177 955 1219 sanskritico
972 1178 1144 1231 yaskaS,
1163 1178 1278 1232 yaka
1298 1175 1478 1226 ἕκαστος
1496 1175 1554 1216 ita
1570 1175 1649 1217 ori-

187 1246 335 1302 ginem
365 1246 539 1290 duxisse
570 1247 847 1303 sagacissime
888 1248 1187 1290 demonstrare
1226 1253 1423 1301 conatur,
1466 1252 1514 1287 ut
1552 1243 1651 1288 ἕκα-

189 1333 291 1369 στος
319 1333 376 1361 ex
400 1315 608 1369 ἓκάτατος
646 1320 669 1362 i.
699 1334 736 1361 e.
759 1316 999 1373 jenoiwvog
1027 1326 1165 1361 ortum
1197 1319 1263 1361 sit.
1309 1320 1365 1361 ef.
1397 1317 1547 1360 Kuhn.
1577 1317 1650 1359 Zt-

194 1390 341 1433 schrft.
360 1390 481 1434 VIII
508 1407 549 1448 p.
571 1391 649 1434 321
680 1391 725 1434 ff.
805 1391 912 1435 Mihi
944 1390 1057 1433 enim
1086 1390 1162 1433 ille
1196 1390 1263 1432 vir
1292 1389 1444 1433 doctus
1474 1403 1650 1448 persua-

189 1461 295 1503 dere
324 1475 413 1503 non
443 1467 599 1518 potest,
633 1462 813 1519 stirpem
847 1463 1117 1519 pronominis
1147 1462 1320 1503 relativi
1353 1476 1435 1516 „ya
1466 1462 1512 1503 in
1540 1463 1647 1517 yas“

190 1547 300 1587 quae
330 1533 376 1574 in
393 1533 661 1576 Graecorum
693 1534 843 1587 lingua
871 1532 916 1575 in
952 1531 1025 1586 δ’-ς
1055 1533 1236 1588 transiit,
1264 1533 1309 1575 in
1336 1547 1443 1575 voee
1470 1531 1651 1584 ἕκαστος

189 1602 382 1660 syllabae
413 1600 434 1646 ἓ
472 1602 673 1646 substitui
715 1604 917 1661 potuisse.
962 1603 1104 1646 Etiam
1136 1618 1223 1646 non
1254 1618 1433 1646 moveor
1461 1604 1522 1645 eis
1551 1617 1650 1645 ver—

187 1676 269 1727 bis,
298 1690 407 1732 quae
432 1676 483 1718 L.
512 1677 668 1730 Meyer
696 1676 771 1729 (K.
804 1677 974 1719 Ztschr.
994 1677 1115 1720 VIII
1145 1692 1186 1732 p.
1207 1677 1302 1731 171)
1332 1675 1536 1734 protulit:
1587 1675 1649 1718 ,Es

188 1745 298 1789 steht
326 1744 657 1803 unzwezfelhaft
679 1745 791 1803 fest,
839 1747 938 1790 dass
969 1747 1038 1789 die
1066 1747 1428 1804 ursprv'lnylichen
1464 1746 1504 1788 F
1505 1762 1650 1788 ormen

180 1818 266 1873 fiir
294 1816 485 1869 ἕκαστος,
525 1815 739 1873 ἑκάτερος,
783 1816 992 1873 ἑκάτερθε
1021 1822 1079 1861 im
1112 1818 1415 1862 Grieohisohen
1440 1818 1649 1869 α-έκαστος

188 1898 264 1932 etc.
310 1890 509 1942 lancem,
555 1889 623 1931 die
661 1889 788 1932 ilmen
828 1905 881 1931 zu
929 1890 1107 1933 Gru-nde
1151 1888 1347 1947 Zieyende
1381 1889 1514 1932 Form
1554 1890 1648 1932 also

185 1977 304 2014 fena,
337 1960 423 2017 fiir
466 1961 596 2002 deren
637 1962 968 2019 etymoloqz'sohe
1000 1962 1258 2019 Erklc‘irzmy
1301 1962 1370 2004 ioh
1410 1962 1554 2004 indes-s
1589 1964 1647 2003 ir-

185 2034 302 2090 9end
329 2043 456 2075 etwas
492 2034 623 2077 Gutes
651 2034 792 2076 weder
826 2035 1099 2077 anderwc’irts
1138 2034 1359 2091 yefwzden
1402 2050 1455 2077 zu
1493 2034 1649 2086 haben,

186 2105 292 2147 noch
322 2105 450 2147 selbst
480 2107 538 2146 im
565 2105 840 2162 Auyenblick
870 2107 1116 2163 anzuyeben
1148 2106 1399 2149 vermb‘clzte.
1432 2105 1506 2148 Ad
1534 2106 1649 2148 hane

185 2178 440 2221 sententiam
466 2178 542 2221 ille
568 2178 635 2220 vir
665 2178 818 2221 doetus
850 2177 1064 2220 adductus
1095 2185 1171 2234 est,
1204 2195 1300 2222 cum
1324 2179 1369 2221 in
1386 2179 1645 2221 carminibus

184 2250 431 2292 Homericis
462 2256 626 2292 tantum
654 2250 891 2307 spirantem
923 2251 1124 2293 labialem
1153 2251 1341 2293 valuisse
1373 2256 1509 2307 putet.

316 2321 601 2363 Hoffmannus
650 2321 714 2371 (II
741 2337 782 2378 p.
801 2321 873 2377 21)
922 2337 1018 2363 cum
1064 2322 1245 2379 stirpem
1294 2322 1415 2365 vocis
1461 2319 1645 2373 ἕκαστος

184 2393 364 2435 eandem
398 2407 492 2436 esse
522 2392 780 2450 suspicetur,
810 2407 921 2449 quae
953 2394 1059 2436 latet
1088 2394 1166 2436 sub
1197 2389 1474 2445 ἑκάς-ἑκάς
1501 2400 1644 2435 autem

184 2464 318 2507 latino
353 2467 528 2519 „secus“
560 2472 779 2523 comparat
808 2490 861 2496 ——
892 2466 1110 2522 digamma
1137 2466 1180 2507 in
1208 2467 1288 2508 hac
1319 2480 1422 2507 voce
1453 2481 1539 2507 non
1569 2481 1638 2506 va-

182 2537 315 2580 luisse
346 2537 500 2580 firmat.
562 2537 688 2580 Hanc
719 2544 862 2581 autem
893 2538 1207 2581 derivationem
1236 2539 1356 2581 nullo
1387 2544 1643 2593 argumento

183 2608 345 2651 firmari
377 2610 560 2666 quisque
591 2609 825 2665 intelliget,
866 2611 1123 2667 praesertim
1166 2625 1263 2652 cum
1295 2606 1393 2661 ἑκάς
1423 2609 1643 2665 digamum

182 2682 442 2724 instructum
472 2680 606 2722 fuisse
636 2686 820 2724 constet.
852 2682 909 2724 ef.
939 2697 981 2739 p.
997 2682 1064 2724 88.
1110 2681 1262 2737 Itaque
1292 2695 1392 2723 cum
1420 2678 1441 2724 ἓ
1470 2681 1515 2723 in
1543 2678 1638 2723 ἕκά-

182 2766 297 2807 στος,
343 2767 429 2801 non
469 2752 592 2795 aliter
632 2758 760 2807 atque
808 2768 828 2795 ε
856 2753 901 2794 in
929 2749 1094 2805 ἑκατόν,
1142 2753 1195 2794 ad
1239 2752 1421 2795 eandem
1461 2754 1642 2810 stirpem
