1984 3332
932 211 985 254 13

240 346 341 390 pem
370 333 630 390 primitivam
661 332 788 375 huius
820 332 939 376 vocis
979 332 1054 374 vid
1098 338 1141 376 et
1176 334 1241 376 vil
1278 333 1425 387 fuisse,
1471 338 1515 375 et
1554 333 1692 375 forma

240 404 414 449 Graeca
446 404 529 448 Faez
559 411 603 448 et
631 419 682 448 ea
712 419 760 448 re
783 405 981 459 efficitur,
1011 404 1128 461 quod
1145 405 1299 449 literae
1320 405 1550 462 linguales,
1582 418 1691 462 quae

240 477 322 520 soli
338 477 514 533 linguae
530 478 811 521 sanskriticae
830 485 942 532 sunt,
961 478 1130 536 Boppio
1158 478 1266 521 duce
1284 478 1407 535 (Vgl.
1426 477 1504 523 Gr.
1517 478 1541 520 I
1569 493 1611 535 p.
1621 476 1693 532 26)

240 563 265 592 e
294 548 543 592 dentalibus
573 555 693 592 ortae
724 548 1035 592 existimandae
1065 556 1179 593 sunt.
1224 550 1394 593 Literas
1421 556 1565 592 autem
1591 549 1620 591 d
1647 554 1693 591 et

238 621 252 662 l
283 621 328 662 in
358 620 522 675 linguis
552 619 954 664 Indo-Germanicis
998 621 1246 676 saepissime
1292 622 1407 664 inter
1448 636 1494 663 se
1538 620 1690 663 mutari

243 705 373 748 posse
403 697 573 735 constat
601 691 655 735 cf.
677 693 743 736 Μ.
774 692 934 736 Miiller
966 692 1011 735 in
1040 692 1098 735 K.
1126 692 1361 737 Ztschr.V.
1383 707 1425 750 p.
1440 693 1531 737 152.
1558 692 1691 735 Anm.

240 763 533 817 Quamobrem
549 763 674 807 nobis
691 779 778 807 non
790 764 1017 807 offensioni
1034 778 1128 806 esse
1144 770 1297 822 potest,
1317 764 1433 820 quod
1448 764 1559 807 illud
1571 779 1690 807 sans-

239 834 439 878 kriticum
454 834 481 891 d
497 849 521 877 e
534 834 702 879 dentali
720 837 747 879 d
775 842 917 879 ortum
932 850 1112 879 munere
1130 835 1327 880 Graecae
1342 824 1494 879 literae
1506 837 1531 879 λ
1547 836 1691 893 fungi-

240 914 324 961 tur,
337 907 589 964 praesertim
608 923 705 951 cum
722 908 845 951 nobis
861 909 907 950 in
919 908 1070 951 eadem
1085 907 1220 974 vocel
1250 923 1335 950 una
1363 924 1460 951 cum
1491 907 1519 965 d
1546 923 1690 951 serva-

239 988 328 1026 tum
361 982 430 1026 sit.
504 984 671 1027 Eodem
715 985 843 1028 modo
873 986 1071 1030 Graecae
1100 1000 1230 1029 voces
1258 986 1450 1041 μείλιχος
1480 992 1522 1027 et
1548 985 1694 1040 μείλια

240 1057 421 1099 eandem
453 1057 631 1114 stirpem
663 1059 998 1116 amplectuntur,
1027 1074 1137 1114 quae
1167 1059 1245 1101 sub
1275 1058 1530 1102 sanskritico
1558 1059 1692 1102 verbo

240 1128 351 1184 mrd,
392 1128 533 1196 mrlati
564 1129 695 1185 latet3
742 1130 869 1188 stirps
914 1130 1133 1188 primitiva
1174 1137 1261 1173 est:
1312 1131 1432 1174 marl.
1479 1132 1536 1173 cf.
1568 1130 1692 1174 Curt.

238 1221 279 1261 p.
298 1205 408 1261 2953
439 1222 582 1262 neque
625 1209 753 1250 aliter
792 1223 862 1251 res
904 1223 951 1251 se
997 1209 1128 1251 habet
1168 1209 1214 1250 in
1259 1208 1471 1250 adiectivo
1515 1207 1688 1251 Graeco

237 1272 390 1332 χωλός,
421 1278 536 1336 quod
553 1279 606 1323 ad
622 1278 828 1335 radicem,
847 1293 954 1336 quae
974 1279 1088 1323 inest
1106 1280 1239 1322 verbo
1262 1278 1522 1322 sanskritico
1546 1278 1693 1335 ᾖ111ιόςί

239 1350 347 1417 khol
372 1352 652 1407 (claudicare)
670 1353 890 1409 pertinere
918 1352 1231 1394 demonstravit
1251 1352 1300 1393 L.
1316 1353 1471 1405 Meyer
1487 1351 1693 1393 Bemerk.

240 1445 318 1472 zur
358 1430 496 1473 altest.
538 1428 699 1474 Gesch.
746 1429 824 1472 der
857 1429 1022 1485 griech.
1053 1427 1238 1484 Mythol.
1270 1426 1391 1471 1857.
1420 1442 1461 1484 p.
1490 1426 1558 1471 50.
1631 1426 1694 1472 Ut

241 1508 385 1544 autem
402 1501 447 1543 in
461 1502 527 1544 his
547 1502 725 1544 vocibus
743 1501 911 1545 Graeco
927 1502 952 1543 λ
979 1502 1022 1542 in
1044 1501 1196 1557 lingua
1220 1499 1474 1542 sanskritica
1496 1500 1650 1542 literae
1665 1499 1693 1553 d

241 1579 285 1615 et
322 1574 338 1616 l
366 1573 590 1632 oppositae
622 1580 735 1628 sunt,
764 1572 823 1615 ita
855 1572 981 1616 etiam
1009 1572 1055 1614 in
1084 1571 1234 1614 eadem
1266 1571 1417 1627 lingua
1445 1571 1575 1628 stirps
1604 1570 1694 1626 vid,

240 1651 304 1718 vi‘l
330 1631 479 1710 partes
513 1653 709 1697 Graecae
740 1653 935 1707 syllabae
967 1650 1049 1693 Εἳλ
1076 1649 1281 1708 suscepit.
1346 1650 1443 1704 Qua
1480 1648 1535 1692 de
1564 1664 1693 1692 causa

242 1730 298 1784 ei,
341 1729 414 1785 qui
443 1729 626 1772 fortasse
656 1744 680 1772 e
710 1728 979 1771 sanskriticis
1009 1728 1186 1771 vocibus
1214 1727 1293 1785 pid
1335 1733 1377 1769 et
1404 1726 1495 1781 nid,
1536 1741 1642 1781 quas
1669 1741 1693 1769 e

241 1800 337 1859 pisd
369 1806 413 1844 et
440 1800 564 1845 nisda
593 1801 806 1858 originem
836 1800 1011 1844 duxisse
1039 1799 1296 1846 Schleicher
1326 1797 1586 1855 (Compend.
1614 1798 1694 1840 der

244 1873 349 1930 Vgl.
380 1873 461 1916 Gr.
492 1888 533 1930 p.
553 1873 650 1928 173)
679 1873 935 1929 suspicatur,
979 1873 1109 1915 etiam
1138 1872 1184 1913 in
1212 1886 1319 1914 voce
1347 1870 1494 1936 „vilu“
1523 1871 1693 1913 literam

243 1952 315 2005 „s“
344 1950 544 1994 amissam
580 1964 674 1993 esse
692 1949 914 2006 colligent,
943 1950 1056 1993 viam
1073 1950 1280 1993 incertam
1305 1950 1623 2006 ingredientur,
1648 1956 1695 1992 ut

242 2023 344 2066 huic
373 2022 469 2066 voci
498 2029 662 2065 rectam
691 2023 876 2064 afferant
905 2022 1258 2078 explicationem,
1283 2037 1382 2064 cum
1403 2028 1520 2064 certa
1540 2023 1693 2064 attule-

242 2097 323 2138 rim
359 2095 573 2153 exempla‚
622 2095 777 2150 quibus
814 2095 984 2137 literam
1014 2094 1252 2150 lingualem
1285 2095 1313 2136 d
1341 2109 1428 2137 non
1461 2109 1484 2137 e
1515 2094 1565 2137 sd
1595 2108 1694 2151 pro·

244 2168 391 2223 diisse,
419 2167 581 2225 linguis
611 2166 810 2225 cognatis
840 2166 1140 2210 adiuvantibus
1169 2166 1377 2210 firmatur.
1405 2166 1559 2223 Itaque
1578 2182 1694 2210 sans-

242 2240 399 2282 kritico
430 2239 523 2306 vilu
552 2240 735 2282 eandem
778 2239 973 2296 stirpem,
1019 2253 1129 2294 quae
1168 2239 1282 2281 inest
1316 2240 1487 2282 Graeco
1531 2240 1695 2282 nomini

247 2318 409 2375 Εἰλιος,
439 2319 653 2362 contineri
683 2318 974 2375 etymologica
1011 2317 1296 2371 derivatione,
1328 2331 1456 2372 quam
1472 2316 1696 2375 proposui,

245 2391 564 2435 demonstrasse
594 2391 699 2434 mihi
726 2391 893 2434 videor.
923 2391 986 2435 Ut
1012 2396 1156 2432 autem
1177 2389 1304 2432 Ilium
1335 2389 1535 2446 a'specie
1569 2389 1696 2444 arcis,

245 2477 371 2517 quam
413 2479 517 2520 prae
547 2479 593 2506 se
624 2464 805 2517 ferebat,
851 2477 1010 2505 nomen
1043 2462 1224 2518 accepit,
1266 2461 1327 2503 ita
1368 2460 1497 2503 etiam
1535 2475 1695 2504 nomen

243 2534 364 2579 urbis
392 2535 641 2579 Dardaniae
666 2537 719 2579 ab
753 2536 907 2579 eadem
937 2551 987 2579 re
1018 2535 1234 2593 originem
1278 2533 1455 2576 duxisse
1498 2534 1605 2576 mihi
1633 2534 1695 2576 vi—

244 2607 385 2650 detur.
415 2608 506 2651 Iam
529 2623 661 2666 supra
689 2608 891 2663 vidimus,
923 2608 1225 2651 sanskriticum
1255 2606 1478 2673 „drlllam“
1507 2606 1581 2662 (=
1599 2607 1694 2649 dar·

244 2696 392 2753 dham)
421 2696 564 2740 eidem
602 2696 665 2740 rei
702 2696 1014 2741 describendae
1051 2696 1276 2751 inservire,
1322 2710 1451 2753 quam
1479 2695 1696 2752 significat

246 2764 404 2832 „viluf‘
436 2765 651 2819 Quoniam
672 2765 715 2807 in
733 2763 1004 2809 Graecorum
1025 2765 1173 2819 lingua
1189 2764 1391 2822 exempla
1401 2763 1697 2817 inveniuntur,
