1984 3332
929 170 1010 214 112

256 310 351 339 esse
376 301 534 354 potest.
593 296 703 341 Tum
735 297 817 340 hoc
850 297 947 340 loco
978 297 1033 340 de
1061 299 1455 356 praepositionibus
1485 294 1593 355 ἇπό,
1615 286 1705 344 ὖπὸ

249 368 337 427 πρό
368 372 494 415 nobis
535 372 752 428 agendum
791 379 869 429 est,
910 374 954 415 in
996 373 1147 430 quibus
1189 374 1384 416 vocalem
1414 389 1438 417 ο
1471 374 1705 417 firmiorem

248 450 446 487 naturam
478 454 688 500 servasse,
717 452 758 488 et
785 446 1033 501 linguarum
1061 447 1380 505 comparatione
1411 452 1455 490 et
1475 460 1704 501 argumen-

249 517 302 559 tis
330 531 387 559 ex
417 516 609 560 Homero
641 517 839 575 repetitis
869 518 1120 562 ostenditur.

381 587 490 633 Ὑπὸ
524 597 566 632 et
595 585 685 633 ἀπὸ
717 605 742 632 0
772 590 1032 648 productum
1063 592 1295 649 praebent:

565 678 608 724 Ξ
621 678 718 721 492.
746 681 809 735 τῷ
835 680 871 722 δ’
908 673 965 734 ἇ’ρ
992 672 1080 722 ὑπὸ
1109 676 1246 737 μήτηρ

573 752 714 793 0276.
744 754 830 793 τῶν
859 751 907 794 δέ
934 752 980 794 θ’
1012 743 1102 796 vimi
1129 755 1305 805 ftfaxr'g

572 822 689 864 T35.
746 824 875 878 μῆνιν
902 817 1162 866 ἆπόπειπών

570 893 717 937 Φ283.
748 891 797 936 ὅν
821 891 876 948 ρὰ
904 895 941 936 τ’
974 891 1150 945 ἔναυλος
1179 888 1406 951 οἷπόῐέρσῃ

625 965 719 1009 329.
748 962 874 1022 μήνιν
902 960 1174 1023 ἇπόπέρσειε.

380 1055 596 1108 Quoniam
625 1055 725 1096 satis
757 1062 937 1108 constat,
967 1070 1110 1111 neque
1139 1057 1319 1098 verbum
1348 1058 1531 1110 fietnei'v,
1560 1069 1700 1112 neque

249 1127 454 1181 radicem,
500 1141 607 1182 quae
637 1128 715 1170 sub
740 1125 873 1185 fe'Qoqy
900 1129 1016 1180 latet,
1056 1144 1080 1170 a
1108 1128 1221 1171 binis
1263 1129 1460 1171 consonis
1486 1126 1700 1185 incepisse

249 1224 301 1230 —
341 1214 439 1240 nam
478 1202 651 1241 femen
680 1199 731 1240 ad
776 1199 966 1242 radicem
1005 1200 1302 1242 sanskriticam
1340 1201 1474 1254 „vac“
1514 1200 1701 1256 pertinet

249 1271 303 1314 cf.
323 1271 444 1314 Curt.
461 1286 502 1328 p.
521 1270 617 1326 403,
630 1277 757 1327 atque
774 1269 1014 1327 ἆποῐέρσαι
1044 1272 1096 1314 ab
1127 1271 1278 1314 eadem
1310 1271 1457 1328 stirpe,
1486 1284 1592 1328 quae
1622 1272 1700 1314 sub

248 1343 381 1386 latino
410 1344 644 1396 „verrere“
670 1344 839 1385 occulta
870 1350 947 1397 est,
992 1344 1204 1399 originem
1236 1344 1409 1386 duxisse
1438 1344 1696 1386 verisimilli-

245 1431 359 1458 mum
391 1421 466 1459 est.
498 1416 551 1457 cf.
585 1416 698 1459 Pott.
729 1415 797 1458 Et.
826 1416 876 1459 F.
896 1416 940 1458 II
971 1432 1012 1474 p.
1030 1416 1112 1459 596
1131 1432 1368 1459 —causam
1399 1414 1696 1473 productionis

246 1487 410 1529 vocalis
442 1502 466 1529 o
494 1487 682 1529 firmiore
710 1521 720 1530 .
744 1522 752 1530 .
775 1488 865 1530 eius
896 1495 1047 1531 natura
1077 1489 1287 1531 contineri
1316 1488 1439 1532 nobis
1468 1502 1547 1545 pro
1578 1494 1697 1531 certo

247 1559 492 1600 habendum
536 1566 612 1601 est.
681 1559 968 1602 Hoffmannus
997 1560 1046 1602 ΙΙ
1091 1576 1132 1617 p.
1156 1562 1234 1603 186
1271 1561 1345 1603 has
1390 1558 1694 1616 productiones

245 1630 287 1672 in
318 1644 545 1672 numerum
579 1630 800 1673 duriorum
828 1631 1002 1685 redigit.
1059 1633 1292 1675 Praeterea
1329 1632 1452 1674 nobis
1494 1645 1582 1673 non
1625 1645 1693 1672 ne*

244 1703 491 1760 glegendae
521 1709 620 1745 sunt
647 1703 747 1745 illae
777 1704 1096 1761 productiones,
1127 1720 1234 1762 quae
1266 1705 1563 1748 inveniuntur:

506 1795 557 1834 H
571 1793 658 1835 131.
689 1789 833 1847 θυμὸν
859 1784 948 1835 ἀπὸ
976 1793 1140 1848 μελέων

507 1864 658 1906 Π607.
691 1857 811 1919 ᾤχετ’
842 1856 936 1907 oin&
964 1865 1128 1919 μελέων

512 1939 552 1977 Β
570 1936 638 1978 44.
695 1936 829 1979 ποσσὶ
861 1931 898 1978 δ’
930 1927 1017 1979 tin&
1047 1937 1294 1991 λιπαροῖσιν

509 2010 552 2048 Ν
564 2006 658 2052 334.
689 2005 751 2057 ὥς
781 2008 816 2049 δ’
847 2004 923 2050 ὅθ’
954 1999 1042 2050 ὑπὸ
1072 2007 1221 2063 λιγέων
1250 2007 1417 2062 ἀνέμων

522 2079 666 2121 41215.
694 2082 824 2137 πνοιῇ
851 2077 939 2122 ῧπῦ
972 2080 1118 2136 λιγυρῇ

509 2152 555 2191 Χ
567 2150 659 2193 307.
686 2144 737 2192 vsi
766 2165 837 2194 fot
865 2141 958 2193 fimi
989 2147 1184 2206 λαπάρην
1212 2148 1473 2205 τέτατῦμέγα

373 2238 479 2281 Illas
513 2253 642 2281 voces
688 2253 796 2294 quae
839 2238 1201 2296 praepositionem
1238 2233 1325 2281 ὑπὸ
1367 2244 1408 2279 et
1446 2232 1536 2279 ἀπὸ
1578 2235 1693 2278 exci-

239 2312 379 2369 piunt,
406 2328 431 2353 a
458 2311 573 2354 binis
603 2312 741 2353 literis
775 2312 975 2354 consonis
1003 2311 1286 2363 inchoavisse‚
1316 2308 1581 2364 etymologia
1607 2323 1691 2350 non

241 2382 574 2436 demonstratur,
618 2383 895 2438 quamobrem
934 2396 1018 2423 non
1052 2381 1213 2436 dubito,
1254 2380 1356 2437 quin
1391 2381 1433 2422 hi
1481 2379 1566 2421 loci
1607 2379 1690 2421 huc

239 2454 460 2496 referendi
494 2454 592 2496 sint.

370 2520 409 2564 O
437 2521 481 2563 in
514 2517 604 2564 ὑπό
634 2526 677 2562 et
706 2515 795 2562 α’πό
827 2526 979 2563 natura
1008 2520 1159 2563 fortius
1190 2520 1336 2574 fuisse,
1376 2534 1398 2561 e
1427 2517 1691 2576 quaestione,

237 2607 363 2648 quam
392 2593 446 2635 de
479 2593 603 2635 huius
634 2593 796 2634 vocalis
826 2592 995 2646 origine
1026 2585 1312 2645 instituemus,
1357 2589 1579 2648 perlucide
1619 2604 1690 2646 ap-

235 2672 368 2722 paret.
403 2664 796 2722 Praepositionibus
828 2664 942 2706 enim
974 2660 1063 2705 ὑπό
1096 2671 1138 2705 ct
1167 2658 1257 2705 ἀπό
1290 2663 1466 2706 intimus
1498 2677 1690 2705 conexus

236 2752 330 2778 cum
352 2737 618 2779 sanskriticis
637 2751 752 2794 „upa
770 2743 812 2778 et
828 2737 936 2792 apa“
963 2735 1206 2790 intercedit,
1245 2734 1399 2792 quibus
1428 2733 1689 2790 antiquiores
