1984 3332
989 175 1041 217 18

284 296 343 337 cit
374 297 509 339 enim:
544 297 676 351 „Unel
704 299 783 340 wie
814 297 890 339 der
919 295 1231 339 sanslcritisohe
1245 294 1382 339 Name
1398 297 1527 352 Panis
1544 297 1621 340 das
1636 295 1740 354 fril-

287 368 389 413 here
410 368 765 414 Vorhandensein
797 372 909 413 eines
930 386 955 413 r
984 371 1169 428 anzez'yt,
1198 384 1246 412 so
1277 369 1428 427 dv’ae'rfte
1447 370 1578 413 Paris
1611 368 1741 412 selbst

283 444 361 484 mit
391 443 485 484 dem
514 442 691 484 Riiuber
725 444 976 499 identzflczss
1014 443 1197 495 werden,
1243 443 1319 485 der
1361 443 1429 484 die
1465 441 1656 485 Soram&
1693 444 1740 484 in

296 515 572 578 Versuclcuqzy
605 514 762 572 silbo-te
774 516 815 568 ,·“
869 531 997 574 quam
1042 514 1379 571 etymologicam
1427 514 1738 558 derivationem

285 594 406 630 certo
449 588 734 630 fundamento
778 603 866 630 non
908 601 1059 630 carere
1100 602 1216 630 nunc
1257 587 1357 631 satis
1403 593 1583 642 constat,
1626 603 1739 641 cum,

284 658 390 716 quid
420 659 474 702 de
505 659 652 701 radice
685 662 825 716 „pan“
854 659 1032 717 eiusque
1063 659 1241 702 notione
1271 658 1547 702 iudicandum
1574 659 1641 714 sit,
1671 675 1738 702 su-

283 746 362 787 pra
393 731 725 774 ostenderimus.
786 732 929 789 Stirps
957 735 1058 787 Παρ
1084 732 1126 774 in
1159 728 1301 787 Πάρις
1328 731 1481 775 eadem
1507 737 1583 785 est,
1612 747 1738 790 quam

279 802 326 845 in
356 802 508 859 lingua
538 803 794 846 sanskritica
807 804 991 860 linguali
1014 820 1041 846 n
1069 804 1372 862 amplificatam
1392 818 1499 847 voce
1518 805 1637 863 panis
1652 804 1679 847 i.
1701 819 1737 848 e.

280 876 462 932 par-n-is
511 876 722 919 contineri
754 875 1157 919 demonstravimus.
1232 877 1525 930 Quamobrem
1576 883 1739 933 etymo-

280 948 471 1004 logicam
517 948 868 1004 explicationem,
924 963 1053 1005 quam
1107 947 1295 991 Ushold:
1348 948 1614 992 Geschichte
1659 948 1737 991 des

277 1020 431 1074 trojan.
462 1018 653 1072 Krieges
684 1034 725 1075 p.
748 1019 823 1060 143
851 1019 984 1060 Anm.
1014 1019 1209 1075 protulit,
1241 1035 1336 1061 cum
1366 1016 1507 1073 Πάρις
1535 1020 1563 1062 i.
1582 1034 1618 1062 e.
1651 1016 1735 1062 Φά-

277 1107 345 1146 ρις
376 1106 400 1132 a
425 1090 573 1133 radice
600 1106 664 1146 φα
692 1090 779 1132 skr.
809 1088 898 1132 bha
929 1089 1116 1145 (lucere)
1160 1090 1447 1134 derivandum
1479 1105 1573 1134 esse-
1602 1096 1737 1148 putet,

275 1163 360 1205 iam
391 1161 491 1204 ideo
521 1161 689 1204 reicere
727 1160 950 1215 debemus,
990 1161 1105 1218 quod
1138 1161 1260 1204 Paris
1293 1177 1377 1204 non
1407 1169 1471 1204 est
1502 1163 1620 1215 deus,
1663 1163 1734 1219 qui

278 1234 422 1275 lucem
455 1239 770 1289 repraesentat,
820 1233 896 1273 sed
938 1233 1053 1288 quod
1085 1233 1344 1275 daemonum
1372 1240 1519 1289 partes
1544 1233 1737 1291 suscipit,

284 1305 358 1361 qui
383 1303 471 1346 luci
502 1302 681 1346 insidias
713 1303 942 1345 collocant.
977 1304 1031 1345 cf.
1054 1303 1314 1346 M.M1·jller:
1348 1303 1552 1361 Vorlesg.
1582 1319 1625 1361 p.
1640 1304 1737 1347 574.

280 1376 411 1418 Anm.
432 1377 496 1418 15.
556 1374 758 1428 Accedit,
792 1375 908 1432 quod
940 1375 1042 1429 lege
1072 1375 1296 1417 literarum
1324 1376 1571 1419 mutationis
1602 1377 1729 1434 impe·

279 1447 437 1500 dimur,
484 1447 590 1503 quin
633 1447 744 1488 hanc
790 1446 1103 1501 etymologiam
1146 1460 1297 1498 yeram
1343 1461 1439 1489 esse
1486 1453 1733 1491 statuamus.

280 1517 447 1573 Curtio,
477 1517 549 1575 qui
582 1532 624 1574 p.
641 1517 726 1559 250
755 1516 809 1558 ad
840 1516 1029 1558 radicem
1059 1517 1293 1559 Zendicam
1325 1520 1452 1574 „par“
1485 1521 1734 1575 „pugnare“

277 1590 354 1644 (cf.
389 1590 491 1631 Iusti
523 1591 552 1631 l.
583 1605 619 1632 c.
651 1605 693 1646 p.
727 1589 826 1642 185)
860 1589 1074 1645 confugit,
1103 1589 1162 1631 ita
1189 1595 1238 1631 ut
1265 1585 1406 1645 Πάρις
1445 1597 1731 1647 pugnatorem

277 1660 511 1716 significet,
555 1660 754 1703 assentiri
785 1675 872 1702 non
904 1675 1097 1717 possum,
1141 1661 1256 1718 quod
1298 1676 1368 1703 res
1412 1662 1735 1717 mythologicae

277 1734 401 1775 nobis
431 1733 559 1774 aliam
590 1732 892 1787 explicationis
920 1732 1033 1773 viam
1074 1733 1371 1774 ostenderunt.
1446 1732 1629 1789 Spicgel
1659 1733 1734 1787 (K.

283 1804 452 1847 Ztschr.
483 1804 540 1859 V,
568 1803 685 1860 394),
730 1803 803 1861 qui
853 1803 964 1846 hanc
995 1803 1188 1846 radicem
1222 1818 1326 1860 „par
1357 1806 1607 1860 „pugnare“
1636 1819 1735 1847 ean-

277 1876 377 1918 dem
408 1890 504 1918 csse
536 1876 696 1930 statuit,
738 1891 787 1918 ac
819 1876 951 1933 „par“
986 1875 1055 1917 cui
1085 1875 1199 1917 inest
1222 1876 1339 1918 notio
1369 1874 1735 1932 transgrediendi,

278 1944 425 2002 Πάρις
453 1953 582 2003 atque
612 1947 855 1991 Zendicum
902 1947 1121 2004 „pairika“
1164 1948 1217 1990 ab
1257 1947 1338 1990 hac
1373 1948 1521 1991 radice
1553 1948 1733 1991 derivat.

278 2019 550 2077 Quamquam
574 2034 663 2061 non
689 2018 978 2060 dubitandum
997 2024 1073 2072 est,
1106 2019 1208 2074 quin
1240 2019 1373 2061 verba
1404 2019 1533 2075 „par“
1567 2026 1731 2073 „trans-

275 2091 445 2145 gredi,“
483 2105 602 2146 ηραν,
642 2090 888 2145 negotiari“
918 2096 1047 2147 atque
1079 2105 1194 2147 „par,
1227 2090 1450 2147 pugnare“
1493 2089 1628 2144 (rixas
1655 2090 1729 2133 ha-

276 2164 381 2206 bere
424 2177 524 2205 cum
565 2162 708 2218 aliquo
756 2161 1003 2216 „Handel
1035 2161 1112 2202 mit
1139 2160 1327 2205 Jemand
1356 2161 1635 2217 anfangen“),
1677 2163 1730 2205 ad

274 2249 405 2275 unam
435 2234 628 2275 radicem
656 2234 903 2289 pertineant
936 2234 1009 2286 (cf.
1042 2233 1164 2276 Curt.
1197 2233 1374 2289 p.247.),
1407 2240 1550 2275 tamen
1579 2234 1730 2276 eadem

277 2305 331 2347 de
366 2319 506 2357 causa,
537 2319 620 2361 qua
651 2303 803 2347 Curtio
830 2295 917 2346 non
945 2317 1145 2345 assensus
1177 2318 1286 2357 sum,
1316 2303 1530 2359 Spiegelii
1559 2311 1730 2347 senten-

272 2377 376 2418 tiam
404 2376 593 2433 probare
625 2390 713 2417 non
737 2390 926 2431 possum.
960 2374 1080 2418 Illud
1096 2374 1337 2418 Zendicum
1358 2374 1595 2432 „pairika,“
1613 2376 1728 2433 quod

275 2447 429 2490 eodem
459 2446 602 2500 modo,
624 2461 708 2503 quo
724 2446 939 2502 Σείρηινες,
961 2446 1095 2488 malos
1125 2446 1357 2488 muliebres
1387 2445 1620 2489 daemones
1657 2447 1730 2489 de-

273 2518 438 2572 scribit,
452 2518 523 2575 qui
535 2518 753 2560 hominem
767 2517 981 2560 seducunt
998 2517 1014 2570 <
1019 2517 1073 2559 cf.
1090 2517 1198 2560 Iusti
1209 2534 1249 2575 p.
1265 2517 1356 2560 179.
1374 2518 1445 2575 qui
1458 2517 1512 2560 ab
1529 2518 1610 2560 hac
1621 2532 1730 2561 voce

274 2586 534 2646 Παρικάνιοι
565 2589 746 2644 (Herod.
773 2589 877 2643 VII,
903 2589 976 2644 96)
1008 2588 1206 2631 derivare
1235 2590 1357 2644 vult),
1403 2589 1554 2631 intima
1596 2589 1729 2632 affini-

274 2668 363 2703 tate
396 2676 493 2703 eum
524 2660 671 2703 radice
703 2661 847 2716 „parf‘
881 2674 988 2716 quae
1021 2660 1099 2702 sub
1129 2660 1307 2701 vocibus
1339 2660 1482 2716 „panis
1499 2666 1541 2701 et
1556 2656 1727 2715 Πάρις“

273 2734 391 2787 latet,
423 2733 697 2776 coniunctum
734 2746 828 2774 esse
860 2731 962 2773 mihi
996 2732 1179 2774 videtur.
1261 2731 1384 2784 Quae
1413 2746 1485 2774 res
1528 2747 1626 2773 cum
1668 2732 1727 2775 ita
