1984 3332
955 159 1036 202 125

259 287 310 325 ut
334 281 463 326 litera
491 288 591 339 post
619 282 700 338 „a“
733 280 1018 335 amitteretur,
1051 293 1162 335 quae
1192 278 1524 337 productionem
1553 280 1718 323 vocalis

257 370 287 398 α
312 354 479 409 effecit3
526 355 808 411 quamobrem
839 367 926 396 non
956 351 1121 408 dubito,
1164 350 1270 408 quin
1301 350 1523 396 Graecum
1566 354 1633 395 θα
1659 366 1717 395 ex

258 425 503 483 antiquiore
530 427 599 468 θᾶ
624 431 763 468 ortum
797 425 866 479 sit,
917 426 976 467 ita
1015 430 1064 467 ut
1098 423 1255 478 hiatus,
1303 424 1376 480 qui
1417 430 1537 467 extat
1566 427 1606 468 E
1619 424 1716 479 898,

258 498 384 542 nobis
417 512 503 540 non
533 497 767 541 offensioni
798 511 893 541 esse
925 496 1072 556 possit.
1141 495 1193 540 Si
1221 487 1369 553 ἧσθας
1394 496 1570 540 maioris
1602 497 1716 541 anti-

260 569 435 627 quitatis
466 569 658 627 speeiem
689 584 793 627 prae
820 582 866 611 se
893 569 1043 623 ferret,
1083 582 1140 611 ex
1169 568 1249 611 hac
1276 570 1415 611 forma
1444 569 1738 625 colligerem„

259 642 430 685 literam
460 641 662 685 amissam
690 642 772 695 ‚‚s“
803 640 953 696 fuisse,
983 655 1107 697 quae,
1137 655 1234 683 cum
1256 654 1280 682 e
1299 640 1449 697 lingua
1479 655 1713 684 evanesce·

258 720 340 771 ret,
362 730 391 757 α
422 713 644 772 produxit,
677 712 792 771 quod
824 719 975 771 postea
1002 713 1135 755 breve
1164 727 1210 755 se
1242 712 1468 769 praestitit.

390 786 482 829 Iam
513 786 703 829 animum
731 785 1006 829 advertamus
1036 783 1091 827 ad
1109 788 1161 827 A
1170 784 1267 839 203,
1296 785 1371 828 ubi
1400 802 1428 828 α
1456 785 1501 828 in
1527 786 1598 829 ἵνα
1627 786 1713 829 hia-

261 867 364 914 tum,
411 860 484 916 qui
516 865 635 903 extat
666 859 711 902 in
742 858 854 902 thesi
891 857 1017 916 pedis
1054 857 1184 917 primi
1233 858 1306 912 (cf.
1340 857 1500 901 Hoffm.
1519 858 1540 900 1
1571 874 1612 916 p.
1628 859 1716 915 91),

259 931 456 975 effecisse
486 931 673 975 videtur.
732 930 800 973 Ibi
829 930 942 973 enim
975 930 1181 985 legimus:

786 994 818 1059 ἤ
845 1002 917 1045 ἵνα
941 999 1077 1058 ὓβριν.

259 1074 382 1117 Idem
412 1091 441 1116 α
470 1074 730 1132 productum
759 1074 1001 1117 invenimus
1024 1078 1078 1117 H
1088 1074 1171 1117 353

457 1144 648 1203 ἔλπομαι
674 1145 965 1201 ἐκτελέεσθαι,
992 1145 1063 1189 ἵνᾶ
1095 1145 1158 1203 μῆ
1187 1145 1365 1204 ῥέξομεν
1394 1136 1493 1189 ὦδε.

263 1219 354 1265 Sed
386 1219 557 1278 spurius
590 1226 655 1263 est
682 1219 754 1262 hic
784 1233 949 1262 versus.

388 1292 459 1334 ἵνα
488 1292 542 1333 ad
577 1292 756 1349 stirpem
794 1290 1062 1349 pronominis
1101 1290 1275 1333 relativi
1316 1290 1538 1347 pertinere
1582 1296 1715 1347 atque

259 1362 598 1407 instrumentalis
629 1364 813 1406 formam
845 1362 971 1406 nobis
1001 1361 1159 1405 offerre
1177 1361 1261 1404 iam
1285 1376 1416 1419 supra
1432 1363 1715 1406 ostendimus.

258 1451 287 1477 α
315 1441 458 1478 autem
489 1435 533 1477 in
561 1435 632 1477 ἵνα
648 1433 956 1491 antiquissimis
971 1433 1240 1491 temporibus
1256 1433 1549 1477 firmissimum
1569 1436 1715 1490 fuisse,

259 1507 318 1550 ita
345 1514 393 1550 ut
423 1507 588 1550 hiatum
620 1513 749 1564 atque
774 1506 1101 1565 productionem
1124 1505 1284 1564 optime
1301 1507 1419 1550 ferre
1435 1513 1594 1566 posset,
1612 1507 1715 1551 inde

260 1586 455 1640 apparet,
486 1580 601 1638 quod
632 1597 660 1624 α
689 1580 1028 1624 instrumentalis
1056 1594 1112 1622 ex
1140 1581 1223 1635 „ff‘
1251 1586 1393 1623 ortum
1419 1594 1514 1624 esse
1532 1587 1713 1625 constat.

260 1651 336 1695 Sic
365 1652 409 1694 in
439 1653 591 1709 lingua
619 1653 878 1696 sanskritica
906 1652 1032 1696 nobis
1071 1652 1211 1696 adhuc
1250 1653 1513 1708 antiquiores
1552 1654 1715 1697 instru-

261 1725 460 1769 mentalis
490 1725 654 1769 formae
683 1732 878 1769 servatae
903 1731 1016 1781 sunt,
1044 1740 1154 1784 quae
1174 1725 1470 1783 aproductum
1488 1727 1715 1784 praebent.

259 1797 314 1840 In
342 1797 517 1854 hymnis
544 1798 658 1841 enim
689 1798 855 1840 vedicis
873 1797 1131 1852 „kulisenfif‘
1149 1797 1251 1853 (Rg.
1264 1797 1395 1851 Vd.1,
1406 1798 1530 1852 32.5)
1555 1801 1715 1853 ,‚tena“

261 1876 306 1913 et
333 1871 507 1926 „yenffl‘
534 1869 721 1926 (=2'va),
749 1869 958 1929 producta
988 1869 1127 1913 vocali
1145 1886 1183 1924 a,
1197 1869 1480 1914 inveniuntur
1497 1872 1554 1916 cf.
1573 1871 1713 1932 Bopp.

261 1939 403 1985 Sskrt.
422 1940 503 1985 Gr.
533 1956 575 1998 p.
593 1941 661 1996 86,
687 1954 831 1997 neque
861 1940 989 1982 aliter
1014 1955 1085 1984 res
1117 1955 1163 1983 se
1193 1941 1321 1983 habet
1350 1942 1395 1984 in
1412 1943 1587 1986 Graeco
1613 1941 1717 1999 ἅμα,

263 2012 393 2068 quod,
415 2027 513 2055 cum
543 2013 883 2056 instrumentalis
912 2013 1096 2055 formam
1125 2014 1425 2071 amplectatur,
1457 2015 1502 2056 in
1526 2015 1715 2059 dialecto

261 2084 423 2128 Dorica
449 2086 532 2140 „a“
561 2084 823 2143 productum
857 2085 1045 2128 servavit
1075 2085 1132 2130 cf.
1163 2085 1420 2131 Schleicher
1449 2086 1532 2131 l.c.
1561 2104 1603 2147 p.
1618 2089 1714 2132 579.

393 2155 533 2199 Etiam
567 2157 761 2200 vocalem
790 2173 818 2200 α
848 2157 894 2199 in
925 2155 1081 2201 ἔπειτα
1110 2164 1153 2200 et
1183 2152 1266 2214 ἷίρα
1306 2159 1543 2202 firmiorem
1568 2161 1715 2213 fuisse,

263 2228 363 2286 quia
392 2243 448 2272 ex
477 2245 502 2272 a
520 2241 557 2275 ÷
579 2244 620 2272 m
650 2228 864 2285 originem
895 2229 1034 2286 duxit,
1063 2229 1295 2274 ostendere
1324 2232 1529 2276 conabor.

393 2299 548 2345 ἔπειτα
578 2302 739 2346 hiatum
770 2303 906 2347 efficit
933 2303 980 2345 in
1009 2318 1187 2347 caesura
1207 2304 1426 2348 trochaica
1447 2305 1571 2362 pedis
1598 2306 1714 2348 tertii

263 2374 321 2417 cf.
351 2373 517 2418 Hoffm.
533 2375 556 2418 I
584 2391 625 2433 p.
642 2375 708 2420 89.
976 2430 981 2434 ,

317 2445 465 2488 Ω297.
493 2440 570 2489 οὔκ
600 2443 653 2489 ἂν
683 2445 816 2504 ἔγωγέ
843 2449 882 2491 σ’
913 2446 1067 2491 ἔπειτα
1095 2445 1398 2503 ἐποτρύνουσα
1428 2447 1631 2504 κελοίμην

262 2531 406 2572 neque
433 2517 560 2560 aliter
587 2533 658 2561 res
684 2533 731 2562 se
759 2519 892 2563 habet
905 2520 1017 2573 E90,
1049 2519 1124 2563 ubi
1155 2534 1263 2563 voce
1291 2512 1374 2574 ι’]ἱρα
1404 2535 1530 2563 causa
1561 2519 1717 2574 hiatus,

263 2588 338 2644 qui
369 2594 488 2631 extat
515 2589 561 2631 in
590 2590 700 2633 thesi
729 2591 854 2649 pedis
871 2592 1013 2650 primi,
1034 2592 1276 2635 continetur
1298 2592 1353 2635 cf.
1367 2592 1565 2634 Hoffm.1
1586 2608 1627 2649 p.
1645 2592 1713 2633 91.

263 2659 333 2705 Ibi
364 2661 479 2703 enim
507 2661 715 2718 legimus:

656 2726 745 2777 ὥτ’
776 2726 863 2789 ἄρα
888 2733 1015 2791 ἕρκεα
1040 2734 1103 2791 (σ)
1134 2732 1246 2789 ἴσχει
