1984 3332
940 160 994 203 87

238 283 425 327 Tantum
452 299 539 328 uno
567 284 665 328 loco
683 286 727 326 Ψ
739 284 821 326 313
852 283 1006 341 (μῆτῐν
1034 278 1244 338 ἐμβάλλεο
1274 281 1427 339 θυμῷ)
1446 279 1700 339 productio-

238 371 337 399 nem
363 358 558 413 syllabae
579 374 620 400 ιν
646 356 692 399 in
718 359 846 414 μῆτιν
876 357 1002 399 litera
1029 356 1223 414 spiranti,
1268 370 1377 414 quae
1409 360 1474 397 est
1505 355 1583 409 „s“
1617 368 1698 397 ex-

236 428 375 470 cusari
406 443 495 470 non
520 442 646 486 posse
696 428 1007 484 intellegimus.
1073 429 1225 484 Itaque
1257 426 1383 469 nobis
1415 425 1698 468 statuendum

237 506 313 553 est,
342 500 425 543 hoc
455 500 552 542 loco
581 501 728 542 valere
754 499 906 542 falsam
931 499 1228 553 imitationem,
1259 510 1369 554 quae
1398 503 1566 554 poetas,
1596 511 1695 539 cum

237 572 291 616 de
322 572 490 627 origine
516 573 710 629 syllabae
738 566 766 614 οἷ
795 587 883 615 non
913 572 1098 628 amplius
1132 572 1342 615 haberent
1380 576 1546 613 rectum
1578 568 1695 611 iudi-

237 644 362 699 cium,
390 658 477 686 non
506 644 748 701 impedivit,
779 644 884 700 quin
914 643 1042 685 etiam
1071 644 1131 685 ibi
1153 644 1365 698 syllabam
1380 659 1422 685 ιν
1438 642 1695 700 productam

236 716 512 772 praeberent,
541 716 615 758 ubi
639 730 662 758 e
690 715 881 758 firmiore
910 722 1062 757 natura
1089 714 1207 757 vocis
1241 713 1551 770 subsequentis
1583 713 1696 756 iusta

238 786 458 828 excusatio
490 786 629 842 repeti
661 799 748 827 non
778 791 960 842 poterat.

366 857 522 913 Longa
549 857 712 900 vocalis
742 873 777 913 ῳ
807 856 1065 914 productam
1094 870 1140 899 se
1171 861 1360 913 praestat
1390 861 1489 898 ante
1514 850 1694 897 ἀτάλαν-

234 943 310 980 τος
338 928 382 971 in
413 928 612 983 formula,
641 942 750 984 quae
782 934 871 971 est:

364 1001 466 1057 θοῷ
489 993 882 1056 ἆτὰλαντος”Αρηι.
941 1000 995 1043 cf.
1027 1003 1074 1042 N
1084 998 1177 1041 295.
1194 998 1289 1042 328.
1307 997 1401 1041 528.
1451 1001 1503 1040 Π
1512 997 1607 1040 784.
1659 1000 1699 1040 Ρ

236 1072 302 1116 72.
317 1071 409 1114 536.
465 1071 589 1114 Idem
619 1078 684 1115 est
712 1074 771 1114 M
778 1071 862 1114 463
891 1071 962 1114 ubi
991 1088 1018 1129 ῃ
1045 1077 1144 1114 ante
1173 1065 1408 1123 ἀτάλαντος
1436 1069 1693 1128 producitur

234 1144 291 1186 cf.
322 1143 440 1186 νυκτὶ
465 1145 557 1202 θοῇ
583 1140 826 1195 ἀτάλαντος.

366 1215 566 1271 Denique
594 1215 677 1259 hoc
705 1216 804 1259 loco
839 1216 893 1258 de
918 1216 1051 1258 verbo
1080 1214 1176 1257 ἔπω
1203 1229 1381 1271 agamus
1401 1229 1584 1258 necesse
1612 1220 1691 1258 est.

231 1286 567 1330 Productionem
596 1287 796 1330 effecisse
825 1287 998 1330 videtur
1032 1288 1114 1330 hoc
1148 1288 1329 1330 verbum
1358 1289 1411 1329 A
1426 1287 1521 1329 776.

551 1362 671 1418 σφῶι
698 1360 777 1415 μὲν
802 1355 919 1418 οἷμφὶ
950 1357 1057 1415 βοὸς
1085 1358 1243 1404 ἕπετον
1270 1358 1396 1414 κρέα;

234 1432 365 1488 longa
394 1432 555 1474 vocalis
583 1448 618 1488 ῳ
645 1432 692 1473 in
721 1432 807 1474 arsi
847 1438 945 1475 ante
982 1430 1077 1474 ἕπω
1120 1432 1377 1489 productam
1419 1445 1466 1474 se
1509 1432 1690 1487 praebet

233 1507 273 1545 Γ
288 1503 378 1545 174.
406 1507 455 1545 Ν
466 1503 559 1545 644.

361 1574 554 1618 Literam
583 1589 603 1617 s
634 1574 844 1617 initialem
871 1575 915 1616 in
944 1574 1027 1617 hoc
1056 1575 1191 1617 verbo
1221 1574 1455 1632 antiquitus
1495 1574 1689 1618 valuisse

232 1648 373 1691 adhuc
402 1647 630 1705 perlucide
659 1654 839 1705 apparet
868 1662 925 1690 ex
956 1647 1213 1705 imperfecto
1243 1643 1444 1704 εἱπόμην,
1484 1647 1601 1704 quod
1631 1662 1687 1690 ex

232 1716 452 1776 ἐσεπόμην
478 1725 618 1762 ortum
648 1733 742 1761 esse
772 1719 918 1762 radice
936 1719 1192 1762 sanskritica
1221 1724 1581 1775 „sac“=sequor
1610 1721 1687 1775 (cf.

231 1792 354 1837 Curt.
368 1792 471 1845 404)
508 1792 838 1835 demonstratur.
870 1791 902 1836 S
932 1791 1098 1834 initiale
1126 1791 1267 1834 adhuc
1296 1797 1515 1834 servatum
1546 1798 1612 1835 est
1641 1792 1688 1835 in

232 1864 399 1907 Aoristi
428 1864 577 1905 formis
614 1862 808 1916 ἕ-σπ-ον,
847 1859 1088 1920 ἑ-σπ-όμην
1132 1878 1243 1920 quae
1281 1878 1305 1906 e
1343 1863 1584 1918 σέ-σεπ-ον,
1613 1878 1687 1908 σε-

228 1932 446 1992 σεπ-όμην
471 1934 687 1990 originem
715 1935 946 1979 duxerunt.
1007 1936 1152 1979 Etiam
1181 1936 1316 1979 verbo
1345 1930 1591 1995 ἄμφι-έπω,
1638 1936 1688 1980 in

231 2021 315 2065 quo
346 2006 359 2048 i
389 2006 617 2049 elisionem
646 2021 734 2049 non
760 2007 934 2064 patitur,
976 2008 1210 2065 spirantem
1248 2008 1433 2062 literam,
1480 2023 1590 2064 quae
1620 2015 1687 2051 est

230 2094 264 2133 s,
307 2079 505 2120 amissam
539 2093 631 2120 esse
656 2079 855 2122 efficitur.
930 2081 1085 2135 Itaque
1125 2095 1214 2123 non
1256 2080 1421 2135 dubito,
1465 2080 1572 2136 quin
1600 2080 1684 2123 ista

229 2148 458 2208 productio
498 2149 623 2198 litera
660 2149 814 2193 initiali
851 2165 884 2205 s,
920 2165 945 2192 a
983 2166 1066 2208 qua
1110 2148 1205 2193 ἕπω
1252 2151 1467 2209 incepisse
1506 2159 1687 2207 constat,

229 2228 348 2264 recte
381 2222 633 2279 explicetur,
662 2222 918 2279 praesertim
947 2237 1046 2265 cum
1076 2223 1188 2265 illud
1218 2238 1237 2264 s
1268 2223 1409 2266 adhuc
1439 2225 1485 2265 in
1516 2224 1684 2268 Aoristi

227 2295 366 2337 forma
395 2300 615 2337 servatum
644 2294 929 2338 inveniamus.

360 2366 434 2409 Sic
454 2381 511 2409 ex
527 2368 829 2423 exemplorum
851 2383 1046 2423 numero,
1073 2383 1181 2425 quae
1198 2369 1488 2413 Hoffmannus
1506 2369 1530 2412 I
1548 2385 1589 2427 p.
1604 2369 1683 2412 102

227 2436 383 2491 attulit,
429 2443 477 2478 ut
504 2437 716 2492 ostendat,
756 2438 1088 2494 productionem
1126 2440 1272 2482 brevis
1315 2441 1523 2495 syllabae,
1571 2456 1681 2497 quae

227 2514 347 2550 extat
377 2515 474 2550 ante
503 2523 724 2551 caesuram
751 2510 1115 2566 semiquinariam,
1159 2512 1240 2555 hac
1269 2512 1362 2569 ipsa
1398 2527 1548 2555 versus
1578 2513 1682 2556 sede

227 2579 442 2634 excusari,
471 2578 711 2622 octodecim
741 2593 764 2621 e
785 2579 911 2622 litera
944 2579 1124 2637 spiranti
1148 2596 1167 2623 s
1194 2582 1348 2625 iustam
1369 2582 1679 2625 nanciscuntur

227 2651 574 2707 explicationem.
631 2651 686 2693 cf.
716 2653 770 2693 A
781 2652 876 2694 226.
891 2651 986 2695 342.
1014 2655 1055 2694 Β
1071 2652 1164 2696 165.
1189 2652 1280 2697 181.
1297 2654 1394 2696 449.
1429 2656 1482 2697 A
1499 2653 1593 2698 674.
1609 2654 1680 2699 40.

227 2723 319 2766 776.
366 2726 411 2766 N
418 2722 512 2766 368.
555 2722 698 2767 P135.
719 2723 811 2768 196.
859 2726 898 2766 Σ
911 2723 1007 2767 347.
1028 2724 1125 2769 580.
1153 2724 1295 2768 Y239.
1339 2728 1380 2768 Φ
1396 2726 1487 2771 118.
1530 2726 1679 2770 Ψ779.
