<?xml version="1.0" encoding="UTF-8"?>
<!DOCTYPE html PUBLIC "-//W3C//DTD XHTML 1.0 Transitional//EN"
    "http://www.w3.org/TR/xhtml1/DTD/xhtml1-transitional.dtd">
<html xmlns="http://www.w3.org/1999/xhtml" xml:lang="en" lang="en">
 <head>
  <title>
</title>
<meta http-equiv="Content-Type" content="text/html;charset=utf-8" />
  <meta name='ocr-system' content='tesseract 3.04.00' />
  <meta name='ocr-capabilities' content='ocr_page ocr_carea ocr_par ocr_line ocrx_word'/>
</head>
<body>
  <div class='ocr_page' id='page_1' title='image "4626079_0095.png"; bbox 0 0 1984 3332; ppageno 0'>
   <div class='ocr_carea' id='block_1_1' title="bbox 1015 212 1072 257">
    <p class='ocr_par' dir='ltr' id='par_1_1' title="bbox 1015 212 1072 257">
     <span class='ocr_line' id='line_1_1' title="bbox 1015 212 1072 257; baseline -0.035 0"><span class='ocrx_word' id='word_1_1' title='bbox 1015 212 1072 257; x_wconf 87' lang='grc'><strong>84</strong></span> 
     </span>
    </p>
   </div>
   <div class='ocr_carea' id='block_1_2' title="bbox 252 333 1770 2813">
    <p class='ocr_par' dir='ltr' id='par_1_2' title="bbox 307 333 1769 534">
     <span class='ocr_line' id='line_1_2' title="bbox 309 333 1769 394; baseline 0.001 -18"><span class='ocrx_word' id='word_1_2' title='bbox 309 348 419 390; x_wconf 88' lang='lat' dir='ltr'><strong>quae</strong></span> <span class='ocrx_word' id='word_1_3' title='bbox 452 333 750 390; x_wconf 82' lang='lat' dir='ltr'><strong>diphthongus</strong></span> <span class='ocrx_word' id='word_1_4' title='bbox 779 334 1049 377; x_wconf 84' lang='lat' dir='ltr'><strong>Hoffmanno</strong></span> <span class='ocrx_word' id='word_1_5' title='bbox 1081 336 1189 379; x_wconf 91' lang='lat' dir='ltr'><strong>duce</strong></span> <span class='ocrx_word' id='word_1_6' title='bbox 1218 353 1259 394; x_wconf 90' lang='lat' dir='ltr'><strong>p.</strong></span> <span class='ocrx_word' id='word_1_7' title='bbox 1278 337 1331 379; x_wconf 80' lang='lat'><strong>62</strong></span> <span class='ocrx_word' id='word_1_8' title='bbox 1373 341 1539 379; x_wconf 88' lang='lat' dir='ltr'><strong>tantum</strong></span> <span class='ocrx_word' id='word_1_9' title='bbox 1584 342 1769 392; x_wconf 83' lang='lat' dir='ltr'><strong>quatuor</strong></span> 
     </span>
     <span class='ocr_line' id='line_1_3' title="bbox 307 405 837 463; baseline -0.002 -15"><span class='ocrx_word' id='word_1_10' title='bbox 307 406 416 449; x_wconf 86' lang='lat' dir='ltr'><strong>locis</strong></span> <span class='ocrx_word' id='word_1_11' title='bbox 443 405 708 463; x_wconf 84' lang='lat' dir='ltr'><strong>producitur.</strong></span> <span class='ocrx_word' id='word_1_12' title='bbox 758 406 837 447; x_wconf 87' lang='lat' dir='ltr'><strong>cf.:</strong></span> 
     </span>
     <span class='ocr_line' id='line_1_4' title="bbox 367 472 1650 534; baseline 0.002 -16"><span class='ocrx_word' id='word_1_13' title='bbox 367 477 515 518; x_wconf 65' lang='lat'>«1112.</span> <span class='ocrx_word' id='word_1_14' title='bbox 546 472 722 518; x_wconf 82' lang='grc' dir='ltr'><strong><em>ὁππότε</em></strong></span> <span class='ocrx_word' id='word_1_15' title='bbox 752 491 817 526; x_wconf 82' lang='grc' dir='ltr'><strong>τις</strong></span> <span class='ocrx_word' id='word_1_16' title='bbox 845 476 917 519; x_wconf 83' lang='grc' dir='ltr'><strong>καὶ</strong></span> <span class='ocrx_word' id='word_1_17' title='bbox 946 476 1068 530; x_wconf 76' lang='grc' dir='ltr'><em>ἐμεῖο</em></span> <span class='ocrx_word' id='word_1_18' title='bbox 1088 472 1223 533; x_wconf 72' lang='grc' dir='ltr'><em>’Ἀρεῖ</em></span> <span class='ocrx_word' id='word_1_19' title='bbox 1258 479 1304 521; x_wconf 78' lang='grc' dir='ltr'><strong>ἐκ</strong></span> <span class='ocrx_word' id='word_1_20' title='bbox 1333 476 1650 534; x_wconf 13' lang='lat' dir='ltr'><strong>&amp;vadat-gamat</strong></span> 
     </span>
    </p>

    <p class='ocr_par' dir='ltr' id='par_1_3' title="bbox 252 547 1770 1034">
     <span class='ocr_line' id='line_1_5' title="bbox 441 547 1765 607; baseline -0.002 -16"><span class='ocrx_word' id='word_1_21' title='bbox 441 547 489 592; x_wconf 84' lang='lat' dir='ltr'><strong>Si</strong></span> <span class='ocrx_word' id='word_1_22' title='bbox 532 547 872 603; x_wconf 80' lang='lat' dir='ltr'><strong>consideramus,</strong></span> <span class='ocrx_word' id='word_1_23' title='bbox 915 548 1032 591; x_wconf 87' lang='lat' dir='ltr'><strong>hunc</strong></span> <span class='ocrx_word' id='word_1_24' title='bbox 1079 549 1224 592; x_wconf 91' lang='lat' dir='ltr'><strong>locum</strong></span> <span class='ocrx_word' id='word_1_25' title='bbox 1265 563 1406 607; x_wconf 82' lang='lat' dir='ltr'><strong>neque</strong></span> <span class='ocrx_word' id='word_1_26' title='bbox 1449 549 1590 591; x_wconf 89' lang='lat' dir='ltr'><strong>minus</strong></span> <span class='ocrx_word' id='word_1_27' title='bbox 1619 548 1765 599; x_wconf 78' lang='lat'><strong>2126,</strong></span> 
     </span>
     <span class='ocr_line' id='line_1_6' title="bbox 309 617 1766 678; baseline -0.001 -18"><span class='ocrx_word' id='word_1_28' title='bbox 309 620 400 673; x_wconf 90' lang='lat' dir='ltr'><strong>(ubi</strong></span> <span class='ocrx_word' id='word_1_29' title='bbox 431 619 617 674; x_wconf 87' lang='lat' dir='ltr'><strong>legitur:</strong></span> <span class='ocrx_word' id='word_1_30' title='bbox 658 621 723 674; x_wconf 76' lang='grc' dir='ltr'><strong>σῷ</strong></span> <span class='ocrx_word' id='word_1_31' title='bbox 755 617 924 673; x_wconf 77' lang='grc' dir='ltr'><strong><em>θάρσεϊ</em></strong></span> <span class='ocrx_word' id='word_1_32' title='bbox 927 652 939 672; x_wconf 85' lang='grc'>,</span> <span class='ocrx_word' id='word_1_33' title='bbox 971 618 1069 675; x_wconf 77' lang='grc' dir='ltr'>ὅτ’),</span> <span class='ocrx_word' id='word_1_34' title='bbox 1116 635 1140 662; x_wconf 95' lang='lat' dir='ltr'><strong>e</strong></span> <span class='ocrx_word' id='word_1_35' title='bbox 1169 622 1306 663; x_wconf 89' lang='lat' dir='ltr'><strong>literis</strong></span> <span class='ocrx_word' id='word_1_36' title='bbox 1346 621 1605 678; x_wconf 77' lang='lat' dir='ltr'><strong>spirantibus</strong></span> <span class='ocrx_word' id='word_1_37' title='bbox 1635 635 1655 660; x_wconf 86' lang='lat' dir='ltr'><strong>s</strong></span> <span class='ocrx_word' id='word_1_38' title='bbox 1683 626 1726 660; x_wconf 86' lang='lat' dir='ltr'><strong>et</strong></span> <span class='ocrx_word' id='word_1_39' title='bbox 1749 621 1766 673; x_wconf 89' lang='lat' dir='ltr'>j</span> 
     </span>
     <span class='ocr_line' id='line_1_7' title="bbox 307 689 1770 748; baseline 0.001 -17"><span class='ocrx_word' id='word_1_40' title='bbox 307 689 464 733; x_wconf 89' lang='lat' dir='ltr'><strong>iustam</strong></span> <span class='ocrx_word' id='word_1_41' title='bbox 494 695 697 746; x_wconf 89' lang='lat' dir='ltr'><strong>repetere</strong></span> <span class='ocrx_word' id='word_1_42' title='bbox 728 690 1073 745; x_wconf 86' lang='lat' dir='ltr'><strong>excusationem,</strong></span> <span class='ocrx_word' id='word_1_43' title='bbox 1119 691 1275 748; x_wconf 85' lang='lat' dir='ltr'><strong>reliqui</strong></span> <span class='ocrx_word' id='word_1_44' title='bbox 1319 692 1402 734; x_wconf 92' lang='lat' dir='ltr'><strong>duo</strong></span> <span class='ocrx_word' id='word_1_45' title='bbox 1448 690 1530 734; x_wconf 85' lang='lat' dir='ltr'><strong>loci</strong></span> <span class='ocrx_word' id='word_1_46' title='bbox 1563 690 1692 733; x_wconf 73' lang='lat'><strong>‹11431</strong></span> <span class='ocrx_word' id='word_1_47' title='bbox 1726 695 1770 733; x_wconf 85' lang='lat' dir='ltr'><strong>et</strong></span> 
     </span>
     <span class='ocr_line' id='line_1_8' title="bbox 308 760 1768 819; baseline -0.001 -16"><span class='ocrx_word' id='word_1_48' title='bbox 308 764 359 803; x_wconf 94' lang='grc' dir='ltr'><em>Χ</em></span> <span class='ocrx_word' id='word_1_49' title='bbox 368 760 464 815; x_wconf 82' lang='lat'><strong>299,</strong></span> <span class='ocrx_word' id='word_1_50' title='bbox 506 760 581 803; x_wconf 94' lang='lat' dir='ltr'><strong>ubi</strong></span> <span class='ocrx_word' id='word_1_51' title='bbox 628 760 754 802; x_wconf 83' lang='lat' dir='ltr'><strong>hanc&#39;</strong></span> <span class='ocrx_word' id='word_1_52' title='bbox 780 760 1085 819; x_wconf 82' lang='lat' dir='ltr'>explicationis</span> <span class='ocrx_word' id='word_1_53' title='bbox 1128 762 1239 804; x_wconf 84' lang='lat' dir='ltr'><strong>viam</strong></span> <span class='ocrx_word' id='word_1_54' title='bbox 1267 762 1376 805; x_wconf 88' lang='lat' dir='ltr'><strong>inire</strong></span> <span class='ocrx_word' id='word_1_55' title='bbox 1407 776 1494 804; x_wconf 92' lang='lat' dir='ltr'><strong>non</strong></span> <span class='ocrx_word' id='word_1_56' title='bbox 1523 775 1768 818; x_wconf 88' lang='lat' dir='ltr'><strong>possumus,</strong></span> 
     </span>
     <span class='ocr_line' id='line_1_9' title="bbox 298 829 1767 889; baseline -0.001 -14"><span class='ocrx_word' id='word_1_57' title='bbox 298 839 407 875; x_wconf 86' lang='lat' dir='ltr'><strong>&#39;cum</strong></span> <span class='ocrx_word' id='word_1_58' title='bbox 438 834 648 874; x_wconf 84' lang='lat' dir='ltr'><strong>memoria</strong></span> <span class='ocrx_word' id='word_1_59' title='bbox 678 833 907 875; x_wconf 86' lang='lat' dir='ltr'><strong>literarum</strong></span> <span class='ocrx_word' id='word_1_60' title='bbox 940 834 1167 875; x_wconf 87' lang='lat' dir='ltr'><strong>initialium</strong></span> <span class='ocrx_word' id='word_1_61' title='bbox 1200 851 1219 876; x_wconf 90' lang='lat' dir='ltr'><strong>s</strong></span> <span class='ocrx_word' id='word_1_62' title='bbox 1249 841 1292 875; x_wconf 91' lang='lat' dir='ltr'><strong>et</strong></span> <span class='ocrx_word' id='word_1_63' title='bbox 1316 835 1332 889; x_wconf 89' lang='lat' dir='ltr'>j</span> <span class='ocrx_word' id='word_1_64' title='bbox 1361 835 1406 876; x_wconf 91' lang='lat' dir='ltr'><strong>in</strong></span> <span class='ocrx_word' id='word_1_65' title='bbox 1434 834 1480 875; x_wconf 78' lang='grc' dir='ltr'><strong>ἐκ</strong></span> <span class='ocrx_word' id='word_1_66' title='bbox 1510 840 1553 874; x_wconf 90' lang='lat' dir='ltr'><strong>et</strong></span> <span class='ocrx_word' id='word_1_67' title='bbox 1582 829 1654 875; x_wconf 77' lang='grc' dir='ltr'><strong>ὅτε</strong></span> <span class='ocrx_word' id='word_1_68' title='bbox 1682 833 1767 874; x_wconf 81' lang='lat' dir='ltr'><strong>iam</strong></span> 
     </span>
     <span class='ocr_line' id='line_1_10' title="bbox 252 900 1767 962; baseline 0 -14"><span class='ocrx_word' id='word_1_69' title='bbox 252 912 254 914; x_wconf 77' lang='grc'><strong>’</strong></span> <span class='ocrx_word' id='word_1_70' title='bbox 307 921 331 948; x_wconf 93' lang='lat' dir='ltr'><strong>e</strong></span> <span class='ocrx_word' id='word_1_71' title='bbox 362 905 516 961; x_wconf 81' lang='lat' dir='ltr'><strong>lingua</strong></span> <span class='ocrx_word' id='word_1_72' title='bbox 546 905 804 959; x_wconf 81' lang='lat' dir='ltr'><strong>evanuisset,</strong></span> <span class='ocrx_word' id='word_1_73' title='bbox 849 905 957 948; x_wconf 87' lang='lat' dir='ltr'><strong>falsa</strong></span> <span class='ocrx_word' id='word_1_74' title='bbox 987 906 1228 949; x_wconf 84' lang='lat' dir='ltr'><strong>imitatione</strong></span> <span class='ocrx_word' id='word_1_75' title='bbox 1259 900 1489 948; x_wconf 89' lang='lat' dir='ltr'><strong>adiuvante</strong></span> <span class='ocrx_word' id='word_1_76' title='bbox 1521 904 1767 962; x_wconf 90' lang='lat' dir='ltr'><strong>productio·</strong></span> 
     </span>
     <span class='ocr_line' id='line_1_11' title="bbox 305 976 1105 1034; baseline 0 -16"><span class='ocrx_word' id='word_1_77' title='bbox 305 992 408 1019; x_wconf 92' lang='lat' dir='ltr'><strong>nem</strong></span> <span class='ocrx_word' id='word_1_78' title='bbox 440 976 702 1034; x_wconf 85' lang='lat' dir='ltr'><strong>diphthongi</strong></span> <span class='ocrx_word' id='word_1_79' title='bbox 734 991 773 1018; x_wconf 83' lang='grc' dir='ltr'><strong>ει</strong></span> <span class='ocrx_word' id='word_1_80' title='bbox 804 983 1105 1019; x_wconf 85' lang='lat' dir='ltr'><strong>servaverunt.</strong></span> 
     </span>
    </p>

    <p class='ocr_par' dir='ltr' id='par_1_4' title="bbox 304 1047 1767 1747">
     <span class='ocr_line' id='line_1_12' title="bbox 445 1047 1766 1105; baseline 0.001 -15"><span class='ocrx_word' id='word_1_81' title='bbox 445 1048 570 1090; x_wconf 85' lang='lat' dir='ltr'><strong>Alias</strong></span> <span class='ocrx_word' id='word_1_82' title='bbox 599 1048 757 1102; x_wconf 87' lang='lat' dir='ltr'><strong>longas</strong></span> <span class='ocrx_word' id='word_1_83' title='bbox 786 1048 963 1090; x_wconf 88' lang='lat' dir='ltr'><strong>vocales</strong></span> <span class='ocrx_word' id='word_1_84' title='bbox 991 1054 1034 1089; x_wconf 90' lang='lat' dir='ltr'><strong>et</strong></span> <span class='ocrx_word' id='word_1_85' title='bbox 1054 1048 1350 1105; x_wconf 83' lang='lat' dir='ltr'><strong>diphthongos</strong></span> <span class='ocrx_word' id='word_1_86' title='bbox 1369 1048 1412 1089; x_wconf 92' lang='lat' dir='ltr'><strong>in</strong></span> <span class='ocrx_word' id='word_1_87' title='bbox 1429 1048 1512 1090; x_wconf 87' lang='lat' dir='ltr'><strong>arsi</strong></span> <span class='ocrx_word' id='word_1_88' title='bbox 1531 1047 1766 1105; x_wconf 85' lang='lat' dir='ltr'><strong>productas</strong></span> 
     </span>
     <span class='ocr_line' id='line_1_13' title="bbox 305 1119 1765 1164; baseline 0 -1"><span class='ocrx_word' id='word_1_89' title='bbox 305 1127 407 1164; x_wconf 88' lang='lat' dir='ltr'><strong>ante</strong></span> <span class='ocrx_word' id='word_1_90' title='bbox 439 1120 485 1164; x_wconf 80' lang='grc' dir='ltr'><strong>ἐκ</strong></span> <span class='ocrx_word' id='word_1_91' title='bbox 515 1120 664 1163; x_wconf 87' lang='lat' dir='ltr'><strong>inveni</strong></span> <span class='ocrx_word' id='word_1_92' title='bbox 693 1123 734 1162; x_wconf 90' lang='lat' dir='ltr'><strong><em>B</em></strong></span> <span class='ocrx_word' id='word_1_93' title='bbox 753 1121 846 1163; x_wconf 78' lang='lat'>690.</span> <span class='ocrx_word' id='word_1_94' title='bbox 867 1121 961 1163; x_wconf 85' lang='lat'>809.</span> <span class='ocrx_word' id='word_1_95' title='bbox 991 1123 1030 1162; x_wconf 90' lang='lat' dir='ltr'><strong><em>E</em></strong></span> <span class='ocrx_word' id='word_1_96' title='bbox 1041 1120 1135 1162; x_wconf 79' lang='lat'>207.</span> <span class='ocrx_word' id='word_1_97' title='bbox 1152 1120 1246 1162; x_wconf 83' lang='lat'><strong>322.</strong></span> <span class='ocrx_word' id='word_1_98' title='bbox 1283 1119 1402 1162; x_wconf 68' lang='lat'>(958.</span> <span class='ocrx_word' id='word_1_99' title='bbox 1432 1120 1591 1163; x_wconf 83' lang='lat'><strong><em>11749.</em></strong></span> <span class='ocrx_word' id='word_1_100' title='bbox 1623 1120 1765 1163; x_wconf 83' lang='lat' dir='ltr'>Y459.</span> 
     </span>
     <span class='ocr_line' id='line_1_14' title="bbox 309 1190 1767 1245; baseline -0.001 -10"><span class='ocrx_word' id='word_1_101' title='bbox 309 1193 458 1235; x_wconf 83' lang='grc' dir='ltr'>Φ598.</span> <span class='ocrx_word' id='word_1_102' title='bbox 483 1193 575 1234; x_wconf 82' lang='lat'>157.</span> <span class='ocrx_word' id='word_1_103' title='bbox 610 1193 730 1235; x_wconf 57' lang='lat'><strong>4117.</strong></span> <span class='ocrx_word' id='word_1_104' title='bbox 760 1193 912 1234; x_wconf 71' lang='lat'><strong>9761.</strong></span> <span class='ocrx_word' id='word_1_105' title='bbox 951 1193 1043 1234; x_wconf 90' lang='lat' dir='ltr'><strong>Iam</strong></span> <span class='ocrx_word' id='word_1_106' title='bbox 1074 1198 1345 1234; x_wconf 89' lang='lat' dir='ltr'><strong>revertamur</strong></span> <span class='ocrx_word' id='word_1_107' title='bbox 1374 1190 1428 1232; x_wconf 89' lang='lat' dir='ltr'><strong>ad</strong></span> <span class='ocrx_word' id='word_1_108' title='bbox 1460 1205 1608 1235; x_wconf 86' lang='lat' dir='ltr'><strong>vocem</strong></span> <span class='ocrx_word' id='word_1_109' title='bbox 1641 1190 1767 1245; x_wconf 74' lang='grc' dir='ltr'><strong><em>ἔσχα-</em></strong></span> 
     </span>
     <span class='ocr_line' id='line_1_15' title="bbox 306 1261 1765 1321; baseline 0 -15"><span class='ocrx_word' id='word_1_110' title='bbox 306 1279 395 1318; x_wconf 76' lang='grc' dir='ltr'><em>τος,</em></span> <span class='ocrx_word' id='word_1_111' title='bbox 435 1278 545 1320; x_wconf 82' lang='lat' dir='ltr'><strong>quae</strong></span> <span class='ocrx_word' id='word_1_112' title='bbox 587 1264 703 1321; x_wconf 87' lang='lat' dir='ltr'><strong>apud</strong></span> <span class='ocrx_word' id='word_1_113' title='bbox 733 1264 914 1307; x_wconf 83' lang='lat' dir='ltr'><strong>Suidam</strong></span> <span class='ocrx_word' id='word_1_114' title='bbox 944 1263 1127 1319; x_wconf 89' lang='lat' dir='ltr'><strong>praebet</strong></span> <span class='ocrx_word' id='word_1_115' title='bbox 1151 1263 1333 1304; x_wconf 88' lang='lat' dir='ltr'><strong>formam</strong></span> <span class='ocrx_word' id='word_1_116' title='bbox 1364 1261 1575 1315; x_wconf 78' lang='grc' dir='ltr'><strong><em>ἐέσχατος.</em></strong></span> <span class='ocrx_word' id='word_1_117' title='bbox 1650 1262 1712 1307; x_wconf 93' lang='lat' dir='ltr'><strong>Ut</strong></span> <span class='ocrx_word' id='word_1_118' title='bbox 1744 1279 1765 1306; x_wconf 83' lang='grc' dir='ltr'><strong><em>ε</em></strong></span> 
     </span>
     <span class='ocr_line' id='line_1_16' title="bbox 307 1334 1766 1391; baseline -0.001 -14"><span class='ocrx_word' id='word_1_119' title='bbox 307 1335 370 1377; x_wconf 88' lang='lat' dir='ltr'><strong>eis</strong></span> <span class='ocrx_word' id='word_1_120' title='bbox 403 1336 596 1388; x_wconf 86' lang='lat' dir='ltr'><strong>vocibus,</strong></span> <span class='ocrx_word' id='word_1_121' title='bbox 645 1349 753 1390; x_wconf 86' lang='lat' dir='ltr'><strong>quae</strong></span> <span class='ocrx_word' id='word_1_122' title='bbox 797 1335 1014 1390; x_wconf 73' lang='lat' dir='ltr'><strong>dig-ammo</strong></span> <span class='ocrx_word' id='word_1_123' title='bbox 1057 1340 1180 1376; x_wconf 87' lang='lat' dir='ltr'><strong>erant</strong></span> <span class='ocrx_word' id='word_1_124' title='bbox 1221 1334 1471 1388; x_wconf 89' lang='lat' dir='ltr'><strong>instructae,</strong></span> <span class='ocrx_word' id='word_1_125' title='bbox 1515 1334 1766 1391; x_wconf 82' lang='lat' dir='ltr'><strong>saepissime</strong></span> 
     </span>
     <span class='ocr_line' id='line_1_17' title="bbox 304 1403 1766 1463; baseline 0 -15"><span class='ocrx_word' id='word_1_126' title='bbox 304 1405 574 1463; x_wconf 87' lang='lat' dir='ltr'><strong>praefigitur,</strong></span> <span class='ocrx_word' id='word_1_127' title='bbox 605 1407 657 1449; x_wconf 88' lang='lat' dir='ltr'><strong>cf.</strong></span> <span class='ocrx_word' id='word_1_128' title='bbox 677 1404 819 1449; x_wconf 81' lang='grc' dir='ltr'><strong><em>ἐέλσαι</em></strong></span> <span class='ocrx_word' id='word_1_129' title='bbox 851 1405 878 1447; x_wconf 91' lang='lat' dir='ltr'><strong>i.</strong></span> <span class='ocrx_word' id='word_1_130' title='bbox 908 1420 944 1448; x_wconf 91' lang='lat' dir='ltr'><strong>e.</strong></span> <span class='ocrx_word' id='word_1_131' title='bbox 975 1404 1157 1458; x_wconf 56' lang='grc' dir='ltr'><strong>ἕπέλσαι,</strong></span> <span class='ocrx_word' id='word_1_132' title='bbox 1187 1403 1385 1459; x_wconf 77' lang='grc' dir='ltr'><em>ἐέλδομαι</em></span> <span class='ocrx_word' id='word_1_133' title='bbox 1412 1404 1439 1446; x_wconf 87' lang='lat' dir='ltr'><strong>i.</strong></span> <span class='ocrx_word' id='word_1_134' title='bbox 1457 1419 1492 1448; x_wconf 92' lang='lat' dir='ltr'><strong>e.</strong></span> <span class='ocrx_word' id='word_1_135' title='bbox 1526 1404 1766 1460; x_wconf 54' lang='grc' dir='ltr'><em>ἒρέλδομαι,</em></span> 
     </span>
     <span class='ocr_line' id='line_1_18' title="bbox 304 1475 1767 1532; baseline -0.001 -12"><span class='ocrx_word' id='word_1_136' title='bbox 304 1475 443 1532; x_wconf 78' lang='grc' dir='ltr'><strong><em>ἐέργει</em></strong></span> <span class='ocrx_word' id='word_1_137' title='bbox 474 1476 499 1517; x_wconf 92' lang='lat' dir='ltr'><strong>i.</strong></span> <span class='ocrx_word' id='word_1_138' title='bbox 533 1490 570 1518; x_wconf 92' lang='lat' dir='ltr'><strong>e.</strong></span> <span class='ocrx_word' id='word_1_139' title='bbox 601 1475 766 1531; x_wconf 58' lang='lat' dir='ltr'><strong>efe&#39;qyet</strong></span> <span class='ocrx_word' id='word_1_140' title='bbox 795 1475 853 1517; x_wconf 90' lang='lat' dir='ltr'><strong>cf.</strong></span> <span class='ocrx_word' id='word_1_141' title='bbox 885 1475 1118 1530; x_wconf 83' lang='lat' dir='ltr'><strong>Gurt.510,</strong></span> <span class='ocrx_word' id='word_1_142' title='bbox 1158 1476 1217 1517; x_wconf 88' lang='lat' dir='ltr'><strong>ita</strong></span> <span class='ocrx_word' id='word_1_143' title='bbox 1255 1475 1385 1517; x_wconf 89' lang='lat' dir='ltr'><strong>etiam</strong></span> <span class='ocrx_word' id='word_1_144' title='bbox 1425 1490 1446 1517; x_wconf 87' lang='grc' dir='ltr'><em>ε</em></span> <span class='ocrx_word' id='word_1_145' title='bbox 1480 1475 1526 1517; x_wconf 90' lang='lat' dir='ltr'><strong>in</strong></span> <span class='ocrx_word' id='word_1_146' title='bbox 1567 1475 1767 1529; x_wconf 78' lang='grc' dir='ltr'><strong><em>ἐέσχατος</em></strong></span> 
     </span>
     <span class='ocr_line' id='line_1_19' title="bbox 305 1547 1766 1603; baseline -0.001 -13"><span class='ocrx_word' id='word_1_147' title='bbox 305 1549 428 1591; x_wconf 89' lang='lat' dir='ltr'><strong>nobis</strong></span> <span class='ocrx_word' id='word_1_148' title='bbox 462 1548 668 1601; x_wconf 86' lang='lat' dir='ltr'><strong>ostendit,</strong></span> <span class='ocrx_word' id='word_1_149' title='bbox 696 1548 865 1589; x_wconf 85' lang='lat' dir='ltr'><strong>literam</strong></span> <span class='ocrx_word' id='word_1_150' title='bbox 897 1547 1129 1600; x_wconf 81' lang='lat' dir='ltr'><strong>excidisse,</strong></span> <span class='ocrx_word' id='word_1_151' title='bbox 1159 1562 1267 1601; x_wconf 89' lang='lat' dir='ltr'><strong>quae</strong></span> <span class='ocrx_word' id='word_1_152' title='bbox 1288 1563 1307 1589; x_wconf 93' lang='lat' dir='ltr'><strong>s</strong></span> <span class='ocrx_word' id='word_1_153' title='bbox 1328 1548 1471 1601; x_wconf 88' lang='lat' dir='ltr'><strong>fuerit,</strong></span> <span class='ocrx_word' id='word_1_154' title='bbox 1500 1548 1766 1603; x_wconf 80' lang='lat' dir='ltr'><strong>etymologia</strong></span> 
     </span>
     <span class='ocr_line' id='line_1_20' title="bbox 304 1616 1767 1678; baseline 0.001 -16"><span class='ocrx_word' id='word_1_155' title='bbox 304 1617 643 1678; x_wconf 84' lang='lat' dir='ltr'><strong>praepositionis</strong></span> <span class='ocrx_word' id='word_1_156' title='bbox 674 1616 732 1671; x_wconf 77' lang='grc' dir='ltr'><strong>ἐκ,</strong></span> <span class='ocrx_word' id='word_1_157' title='bbox 766 1617 814 1672; x_wconf 79' lang='grc' dir='ltr'><strong>ἐξ</strong></span> <span class='ocrx_word' id='word_1_158' title='bbox 840 1616 942 1661; x_wconf 87' lang='lat' dir='ltr'><strong>satis</strong></span> <span class='ocrx_word' id='word_1_159' title='bbox 973 1623 1090 1661; x_wconf 88' lang='lat' dir='ltr'><strong>certe</strong></span> <span class='ocrx_word' id='word_1_160' title='bbox 1120 1617 1323 1662; x_wconf 87' lang='lat' dir='ltr'><strong>efficitur.</strong></span> <span class='ocrx_word' id='word_1_161' title='bbox 1381 1618 1537 1675; x_wconf 86' lang='lat' dir='ltr'><strong>Itaque</strong></span> <span class='ocrx_word' id='word_1_162' title='bbox 1567 1617 1767 1673; x_wconf 79' lang='grc' dir='ltr'><strong><em>ἕέσχατος</em></strong></span> 
     </span>
     <span class='ocr_line' id='line_1_21' title="bbox 305 1690 850 1747; baseline -0.002 -14"><span class='ocrx_word' id='word_1_163' title='bbox 305 1692 465 1733; x_wconf 88' lang='lat' dir='ltr'><strong>dicitur</strong></span> <span class='ocrx_word' id='word_1_164' title='bbox 494 1706 573 1747; x_wconf 87' lang='lat' dir='ltr'><strong>pro</strong></span> <span class='ocrx_word' id='word_1_165' title='bbox 607 1690 850 1742; x_wconf 81' lang='grc' dir='ltr'><strong><em>ε’σέσχατος.</em></strong></span> 
     </span>
    </p>

    <p class='ocr_par' dir='ltr' id='par_1_5' title="bbox 303 1761 1765 2466">
     <span class='ocr_line' id='line_1_22' title="bbox 437 1761 1765 1819; baseline 0 -15"><span class='ocrx_word' id='word_1_166' title='bbox 437 1761 576 1804; x_wconf 88' lang='lat' dir='ltr'><strong>Aliud</strong></span> <span class='ocrx_word' id='word_1_167' title='bbox 608 1761 874 1818; x_wconf 88' lang='lat' dir='ltr'><strong>exemplum,</strong></span> <span class='ocrx_word' id='word_1_168' title='bbox 917 1776 1000 1818; x_wconf 91' lang='lat' dir='ltr'><strong>quo</strong></span> <span class='ocrx_word' id='word_1_169' title='bbox 1042 1777 1062 1804; x_wconf 84' lang='grc' dir='ltr'><em>ε</em></span> <span class='ocrx_word' id='word_1_170' title='bbox 1105 1761 1394 1819; x_wconf 88' lang='lat' dir='ltr'><strong>antepositum</strong></span> <span class='ocrx_word' id='word_1_171' title='bbox 1435 1761 1606 1804; x_wconf 83' lang='lat' dir='ltr'><strong>literam</strong></span> <span class='ocrx_word' id='word_1_172' title='bbox 1636 1778 1655 1805; x_wconf 91' lang='lat' dir='ltr'><strong>s</strong></span> <span class='ocrx_word' id='word_1_173' title='bbox 1685 1762 1765 1804; x_wconf 91' lang='lat' dir='ltr'><strong>ini-</strong></span> 
     </span>
     <span class='ocr_line' id='line_1_23' title="bbox 304 1832 1765 1889; baseline 0.001 -14"><span class='ocrx_word' id='word_1_174' title='bbox 304 1833 454 1875; x_wconf 88' lang='lat' dir='ltr'><strong>tialem</strong></span> <span class='ocrx_word' id='word_1_175' title='bbox 485 1833 685 1874; x_wconf 84' lang='lat' dir='ltr'><strong>amissam</strong></span> <span class='ocrx_word' id='word_1_176' title='bbox 714 1846 810 1874; x_wconf 89' lang='lat' dir='ltr'><strong>esse</strong></span> <span class='ocrx_word' id='word_1_177' title='bbox 842 1832 1122 1887; x_wconf 85' lang='lat' dir='ltr'><strong>demonstrat,</strong></span> <span class='ocrx_word' id='word_1_178' title='bbox 1167 1839 1233 1874; x_wconf 88' lang='lat' dir='ltr'><strong>est</strong></span> <span class='ocrx_word' id='word_1_179' title='bbox 1275 1832 1461 1888; x_wconf 79' lang='grc' dir='ltr'><em>ἕεχμένη,</em></span> <span class='ocrx_word' id='word_1_180' title='bbox 1507 1833 1765 1889; x_wconf 80' lang='grc' dir='ltr'><strong><em>συνεχομένη</em></strong></span> 
     </span>
     <span class='ocr_line' id='line_1_24' title="bbox 305 1903 1759 1962; baseline 0 -15"><span class='ocrx_word' id='word_1_181' title='bbox 305 1904 545 1962; x_wconf 85' lang='lat' dir='ltr'><strong>(Hesych.)</strong></span> <span class='ocrx_word' id='word_1_182' title='bbox 580 1904 759 1948; x_wconf 84' lang='lat' dir='ltr'><strong>Curtius</strong></span> <span class='ocrx_word' id='word_1_183' title='bbox 790 1905 938 1961; x_wconf 83' lang='lat' dir='ltr'><strong>p.176‚</strong></span> <span class='ocrx_word' id='word_1_184' title='bbox 972 1903 1213 1957; x_wconf 85' lang='lat' dir='ltr'><strong>(cf.Christ.</strong></span> <span class='ocrx_word' id='word_1_185' title='bbox 1226 1920 1266 1962; x_wconf 90' lang='lat' dir='ltr'><strong>p.</strong></span> <span class='ocrx_word' id='word_1_186' title='bbox 1288 1904 1385 1958; x_wconf 87' lang='grc'><strong>134)</strong></span> <span class='ocrx_word' id='word_1_187' title='bbox 1418 1920 1513 1948; x_wconf 91' lang='lat' dir='ltr'><strong>cum</strong></span> <span class='ocrx_word' id='word_1_188' title='bbox 1542 1905 1650 1948; x_wconf 82' lang='lat' dir='ltr'><strong>hanc</strong></span> <span class='ocrx_word' id='word_1_189' title='bbox 1678 1906 1759 1948; x_wconf 82' lang='lat' dir='ltr'><strong>for-</strong></span> 
     </span>
     <span class='ocr_line' id='line_1_25' title="bbox 307 1971 1764 2033; baseline 0.002 -15"><span class='ocrx_word' id='word_1_190' title='bbox 307 1991 421 2019; x_wconf 90' lang='lat' dir='ltr'><strong>mam</strong></span> <span class='ocrx_word' id='word_1_191' title='bbox 443 1976 497 2018; x_wconf 86' lang='lat' dir='ltr'><strong>ad</strong></span> <span class='ocrx_word' id='word_1_192' title='bbox 516 1976 707 2018; x_wconf 88' lang='lat' dir='ltr'><strong>radicem</strong></span> <span class='ocrx_word' id='word_1_193' title='bbox 738 1976 1039 2019; x_wconf 84' lang='lat' dir='ltr'><strong>sanskriticam</strong></span> <span class='ocrx_word' id='word_1_194' title='bbox 1074 1977 1223 2031; x_wconf 81' lang='lat' dir='ltr'><strong>„vah,“</strong></span> <span class='ocrx_word' id='word_1_195' title='bbox 1258 1991 1366 2033; x_wconf 89' lang='lat' dir='ltr'><strong>quae</strong></span> <span class='ocrx_word' id='word_1_196' title='bbox 1398 1977 1442 2019; x_wconf 90' lang='lat' dir='ltr'><strong>in</strong></span> <span class='ocrx_word' id='word_1_197' title='bbox 1459 1977 1630 2021; x_wconf 86' lang='lat' dir='ltr'><strong>Graeco</strong></span> <span class='ocrx_word' id='word_1_198' title='bbox 1663 1971 1764 2031; x_wconf 73' lang='grc' dir='ltr'><strong><em>ὄχος</em></strong></span> 
     </span>
     <span class='ocr_line' id='line_1_26' title="bbox 304 2048 1763 2106; baseline 0.001 -15"><span class='ocrx_word' id='word_1_199' title='bbox 304 2055 474 2091; x_wconf 83' lang='lat' dir='ltr'><strong>servata</strong></span> <span class='ocrx_word' id='word_1_200' title='bbox 508 2055 586 2102; x_wconf 86' lang='lat' dir='ltr'><strong>est,</strong></span> <span class='ocrx_word' id='word_1_201' title='bbox 633 2049 852 2106; x_wconf 87' lang='lat' dir='ltr'><strong>pertinere</strong></span> <span class='ocrx_word' id='word_1_202' title='bbox 885 2055 1054 2103; x_wconf 88' lang='lat' dir='ltr'><strong>statuat,</strong></span> <span class='ocrx_word' id='word_1_203' title='bbox 1096 2048 1270 2105; x_wconf 78' lang='grc' dir='ltr'><em>ἕεχμένη</em></span> <span class='ocrx_word' id='word_1_204' title='bbox 1298 2063 1354 2091; x_wconf 84' lang='lat' dir='ltr'><strong>ex</strong></span> <span class='ocrx_word' id='word_1_205' title='bbox 1382 2048 1584 2105; x_wconf 68' lang='grc' dir='ltr'><strong>ε’]-εχμένη</strong></span> <span class='ocrx_word' id='word_1_206' title='bbox 1621 2056 1763 2092; x_wconf 87' lang='lat' dir='ltr'><strong>ortum</strong></span> 
     </span>
     <span class='ocr_line' id='line_1_27' title="bbox 304 2121 1762 2179; baseline 0.001 -16"><span class='ocrx_word' id='word_1_207' title='bbox 304 2135 398 2163; x_wconf 87' lang='lat' dir='ltr'><strong>esse</strong></span> <span class='ocrx_word' id='word_1_208' title='bbox 427 2121 599 2164; x_wconf 85' lang='lat' dir='ltr'><strong>firmare</strong></span> <span class='ocrx_word' id='word_1_209' title='bbox 645 2127 836 2164; x_wconf 82' lang='lat' dir='ltr'><strong>conatur.</strong></span> <span class='ocrx_word' id='word_1_210' title='bbox 878 2121 966 2166; x_wconf 83' lang='lat' dir='ltr'><strong>Sed</strong></span> <span class='ocrx_word' id='word_1_211' title='bbox 997 2136 1093 2163; x_wconf 90' lang='lat' dir='ltr'><strong>cum</strong></span> <span class='ocrx_word' id='word_1_212' title='bbox 1128 2136 1215 2164; x_wconf 89' lang='lat' dir='ltr'><strong>non</strong></span> <span class='ocrx_word' id='word_1_213' title='bbox 1245 2121 1511 2177; x_wconf 81' lang='lat' dir='ltr'><strong>intellegam,</strong></span> <span class='ocrx_word' id='word_1_214' title='bbox 1547 2122 1762 2179; x_wconf 89' lang='lat' dir='ltr'><strong>quomodo</strong></span> 
     </span>
     <span class='ocr_line' id='line_1_28' title="bbox 304 2193 1761 2249; baseline 0.001 -14"><span class='ocrx_word' id='word_1_215' title='bbox 304 2193 579 2249; x_wconf 83' lang='lat' dir='ltr'><strong>significatio,</strong></span> <span class='ocrx_word' id='word_1_216' title='bbox 621 2208 729 2248; x_wconf 87' lang='lat' dir='ltr'><strong>quae</strong></span> <span class='ocrx_word' id='word_1_217' title='bbox 760 2193 873 2235; x_wconf 89' lang='lat' dir='ltr'><strong>inest</strong></span> <span class='ocrx_word' id='word_1_218' title='bbox 900 2193 1036 2235; x_wconf 89' lang='lat' dir='ltr'><strong>radici</strong></span> <span class='ocrx_word' id='word_1_219' title='bbox 1071 2193 1207 2247; x_wconf 84' lang='lat' dir='ltr'><strong>„vah“</strong></span> <span class='ocrx_word' id='word_1_220' title='bbox 1257 2194 1348 2248; x_wconf 86' lang='lat' dir='ltr'><strong>(lat.</strong></span> <span class='ocrx_word' id='word_1_221' title='bbox 1381 2194 1526 2248; x_wconf 88' lang='lat' dir='ltr'><strong>veho),</strong></span> <span class='ocrx_word' id='word_1_222' title='bbox 1571 2209 1667 2236; x_wconf 90' lang='lat' dir='ltr'><strong>cum</strong></span> <span class='ocrx_word' id='word_1_223' title='bbox 1710 2208 1761 2236; x_wconf 93' lang='lat' dir='ltr'><strong>eo</strong></span> 
     </span>
     <span class='ocr_line' id='line_1_29' title="bbox 305 2264 1761 2323; baseline 0.001 -17"><span class='ocrx_word' id='word_1_224' title='bbox 305 2279 448 2317; x_wconf 88' lang='lat' dir='ltr'><strong>sensu,</strong></span> <span class='ocrx_word' id='word_1_225' title='bbox 477 2279 606 2320; x_wconf 89' lang='lat' dir='ltr'><strong>quem</strong></span> <span class='ocrx_word' id='word_1_226' title='bbox 637 2264 810 2320; x_wconf 78' lang='grc' dir='ltr'><strong><em>ἐεχμένη</em></strong></span> <span class='ocrx_word' id='word_1_227' title='bbox 841 2265 1062 2319; x_wconf 88' lang='lat' dir='ltr'><strong>describit,</strong></span> <span class='ocrx_word' id='word_1_228' title='bbox 1094 2265 1313 2307; x_wconf 86' lang='lat' dir='ltr'><strong>conciliari</strong></span> <span class='ocrx_word' id='word_1_229' title='bbox 1342 2266 1491 2321; x_wconf 89' lang='lat' dir='ltr'><strong>possit,</strong></span> <span class='ocrx_word' id='word_1_230' title='bbox 1532 2265 1635 2307; x_wconf 88' lang='lat' dir='ltr'><strong>mihi</strong></span> <span class='ocrx_word' id='word_1_231' title='bbox 1667 2279 1761 2323; x_wconf 88' lang='lat' dir='ltr'><strong>per-</strong></span> 
     </span>
     <span class='ocr_line' id='line_1_30' title="bbox 304 2335 1761 2393; baseline 0.001 -16"><span class='ocrx_word' id='word_1_232' title='bbox 304 2350 477 2377; x_wconf 88' lang='lat' dir='ltr'><strong>suasum</strong></span> <span class='ocrx_word' id='word_1_233' title='bbox 504 2342 580 2388; x_wconf 85' lang='lat' dir='ltr'><strong>est,</strong></span> <span class='ocrx_word' id='word_1_234' title='bbox 601 2336 877 2393; x_wconf 85' lang='lat' dir='ltr'><strong>participium</strong></span> <span class='ocrx_word' id='word_1_235' title='bbox 895 2335 1070 2391; x_wconf 78' lang='grc' dir='ltr'><strong><em>ἕεχμένη</em></strong></span> <span class='ocrx_word' id='word_1_236' title='bbox 1090 2336 1144 2377; x_wconf 90' lang='lat' dir='ltr'><strong>ad</strong></span> <span class='ocrx_word' id='word_1_237' title='bbox 1167 2335 1357 2378; x_wconf 86' lang='lat' dir='ltr'><strong>radicem</strong></span> <span class='ocrx_word' id='word_1_238' title='bbox 1376 2336 1504 2390; x_wconf 76' lang='lat' dir='ltr'><strong>„sah“</strong></span> <span class='ocrx_word' id='word_1_239' title='bbox 1525 2337 1761 2392; x_wconf 86' lang='lat' dir='ltr'><strong>pertinere,</strong></span> 
     </span>
     <span class='ocr_line' id='line_1_31' title="bbox 303 2404 1762 2466; baseline 0 -15"><span class='ocrx_word' id='word_1_240' title='bbox 303 2422 430 2464; x_wconf 88' lang='lat' dir='ltr'><strong>quam</strong></span> <span class='ocrx_word' id='word_1_241' title='bbox 453 2406 593 2450; x_wconf 90' lang='lat' dir='ltr'><strong>adhuc</strong></span> <span class='ocrx_word' id='word_1_242' title='bbox 612 2408 690 2450; x_wconf 90' lang='lat' dir='ltr'><strong>sub</strong></span> <span class='ocrx_word' id='word_1_243' title='bbox 706 2407 880 2451; x_wconf 81' lang='lat' dir='ltr'><strong>Graeco</strong></span> <span class='ocrx_word' id='word_1_244' title='bbox 897 2408 1030 2450; x_wconf 88' lang='lat' dir='ltr'><strong>verbo</strong></span> <span class='ocrx_word' id='word_1_245' title='bbox 1049 2404 1134 2461; x_wconf 74' lang='grc' dir='ltr'><strong>ἔχω</strong></span> <span class='ocrx_word' id='word_1_246' title='bbox 1153 2407 1288 2450; x_wconf 87' lang='lat' dir='ltr'><strong>latere</strong></span> <span class='ocrx_word' id='word_1_247' title='bbox 1305 2422 1435 2466; x_wconf 87' lang='lat' dir='ltr'><strong>supra</strong></span> <span class='ocrx_word' id='word_1_248' title='bbox 1452 2407 1762 2451; x_wconf 84' lang='lat' dir='ltr'><strong>intelleximus.</strong></span> 
     </span>
    </p>

    <p class='ocr_par' dir='ltr' id='par_1_6' title="bbox 298 2478 1762 2813">
     <span class='ocr_line' id='line_1_32' title="bbox 437 2478 1762 2537; baseline 0.002 -16"><span class='ocrx_word' id='word_1_249' title='bbox 437 2479 528 2521; x_wconf 83' lang='lat' dir='ltr'><strong>Iam</strong></span> <span class='ocrx_word' id='word_1_250' title='bbox 561 2478 728 2521; x_wconf 87' lang='lat' dir='ltr'><strong>duobus</strong></span> <span class='ocrx_word' id='word_1_251' title='bbox 758 2478 969 2537; x_wconf 86' lang='lat' dir='ltr'><strong>exemplis</strong></span> <span class='ocrx_word' id='word_1_252' title='bbox 999 2479 1153 2534; x_wconf 88' lang='lat' dir='ltr'><strong>allatis,</strong></span> <span class='ocrx_word' id='word_1_253' title='bbox 1194 2480 1348 2536; x_wconf 87' lang='lat' dir='ltr'><strong>quibus</strong></span> <span class='ocrx_word' id='word_1_254' title='bbox 1378 2495 1399 2522; x_wconf 85' lang='grc' dir='ltr'><strong><em>ε</em></strong></span> <span class='ocrx_word' id='word_1_255' title='bbox 1428 2480 1556 2522; x_wconf 90' lang='lat' dir='ltr'><strong>etiam</strong></span> <span class='ocrx_word' id='word_1_256' title='bbox 1592 2480 1654 2523; x_wconf 91' lang='lat' dir='ltr'><strong>eis</strong></span> <span class='ocrx_word' id='word_1_257' title='bbox 1684 2495 1762 2523; x_wconf 87' lang='lat' dir='ltr'><strong>vo-</strong></span> 
     </span>
     <span class='ocr_line' id='line_1_33' title="bbox 303 2549 1760 2609; baseline -0.001 -14"><span class='ocrx_word' id='word_1_258' title='bbox 303 2551 437 2605; x_wconf 84' lang='lat' dir='ltr'><strong>cibus,</strong></span> <span class='ocrx_word' id='word_1_259' title='bbox 467 2566 573 2607; x_wconf 84' lang='lat' dir='ltr'><strong>quas</strong></span> <span class='ocrx_word' id='word_1_260' title='bbox 603 2549 842 2606; x_wconf 88' lang='lat' dir='ltr'><strong>antiquitus</strong></span> <span class='ocrx_word' id='word_1_261' title='bbox 872 2567 895 2593; x_wconf 90' lang='lat' dir='ltr'><strong>a</strong></span> <span class='ocrx_word' id='word_1_262' title='bbox 926 2551 1050 2593; x_wconf 89' lang='lat' dir='ltr'><strong>litera</strong></span> <span class='ocrx_word' id='word_1_263' title='bbox 1070 2565 1090 2591; x_wconf 90' lang='lat' dir='ltr'><strong>s</strong></span> <span class='ocrx_word' id='word_1_264' title='bbox 1119 2550 1332 2608; x_wconf 88' lang='lat' dir='ltr'><strong>incepisse</strong></span> <span class='ocrx_word' id='word_1_265' title='bbox 1353 2557 1532 2606; x_wconf 86' lang='lat' dir='ltr'><strong>constat,</strong></span> <span class='ocrx_word' id='word_1_266' title='bbox 1551 2552 1760 2609; x_wconf 85' lang='lat' dir='ltr'><strong>anteponi</strong></span> 
     </span>
     <span class='ocr_line' id='line_1_34' title="bbox 302 2622 1758 2683; baseline -0.001 -17"><span class='ocrx_word' id='word_1_267' title='bbox 302 2637 429 2683; x_wconf 90' lang='lat' dir='ltr'><strong>posse</strong></span> <span class='ocrx_word' id='word_1_268' title='bbox 459 2622 561 2665; x_wconf 88' lang='lat' dir='ltr'><strong>satis</strong></span> <span class='ocrx_word' id='word_1_269' title='bbox 593 2628 712 2665; x_wconf 88' lang='lat' dir='ltr'><strong>certe</strong></span> <span class='ocrx_word' id='word_1_270' title='bbox 742 2622 948 2677; x_wconf 88' lang='lat' dir='ltr'><strong>efficitur,</strong></span> <span class='ocrx_word' id='word_1_271' title='bbox 985 2637 1072 2663; x_wconf 92' lang='lat' dir='ltr'><strong>non</strong></span> <span class='ocrx_word' id='word_1_272' title='bbox 1108 2622 1272 2677; x_wconf 87' lang='lat' dir='ltr'><strong>dubito,</strong></span> <span class='ocrx_word' id='word_1_273' title='bbox 1315 2623 1419 2679; x_wconf 91' lang='lat' dir='ltr'><strong>quin</strong></span> <span class='ocrx_word' id='word_1_274' title='bbox 1458 2622 1610 2664; x_wconf 89' lang='lat' dir='ltr'><strong>eadem</strong></span> <span class='ocrx_word' id='word_1_275' title='bbox 1640 2622 1708 2664; x_wconf 85' lang='lat' dir='ltr'><strong>via</strong></span> <span class='ocrx_word' id='word_1_276' title='bbox 1737 2638 1758 2665; x_wconf 85' lang='grc' dir='ltr'><em>ε</em></span> 
     </span>
     <span class='ocr_line' id='line_1_35' title="bbox 301 2693 1758 2753; baseline -0.002 -14"><span class='ocrx_word' id='word_1_277' title='bbox 301 2697 347 2740; x_wconf 93' lang='lat' dir='ltr'><strong>in</strong></span> <span class='ocrx_word' id='word_1_278' title='bbox 391 2693 476 2747; x_wconf 76' lang='grc' dir='ltr'><em>ἕεις</em></span> <span class='ocrx_word' id='word_1_279' title='bbox 516 2694 778 2753; x_wconf 84' lang='lat' dir='ltr'><strong>explicanda</strong></span> <span class='ocrx_word' id='word_1_280' title='bbox 820 2696 888 2749; x_wconf 86' lang='lat' dir='ltr'><strong>sit,</strong></span> <span class='ocrx_word' id='word_1_281' title='bbox 935 2694 1051 2751; x_wconf 89' lang='lat' dir='ltr'><strong>quod</strong></span> <span class='ocrx_word' id='word_1_282' title='bbox 1092 2709 1171 2753; x_wconf 86' lang='lat' dir='ltr'><strong>pro</strong></span> <span class='ocrx_word' id='word_1_283' title='bbox 1211 2710 1325 2746; x_wconf 82' lang='grc' dir='ltr'><em>εσεις</em></span> <span class='ocrx_word' id='word_1_284' title='bbox 1361 2694 1448 2737; x_wconf 88' lang='lat' dir='ltr'><strong>dici</strong></span> <span class='ocrx_word' id='word_1_285' title='bbox 1486 2694 1758 2752; x_wconf 86' lang='lat' dir='ltr'><strong>etymologia</strong></span> 
     </span>
     <span class='ocr_line' id='line_1_36' title="bbox 298 2767 887 2813; baseline -0.003 0"><span class='ocrx_word' id='word_1_286' title='bbox 298 2769 427 2813; x_wconf 90' lang='lat' dir='ltr'><strong>huius</strong></span> <span class='ocrx_word' id='word_1_287' title='bbox 456 2768 575 2813; x_wconf 86' lang='lat' dir='ltr'><strong>vocis</strong></span> <span class='ocrx_word' id='word_1_288' title='bbox 606 2767 887 2812; x_wconf 86' lang='lat' dir='ltr'><strong>ostendimus.</strong></span> 
     </span>
    </p>
   </div>
  </div>
 </body>
</html>
