1984 3332
975 136 1029 180 48

272 256 595 313 (‚,indomita“);
625 258 685 300 ita
716 259 768 301 ab
799 257 950 301 eadem
970 258 1172 302 domandi
1194 259 1510 316 significatione
1525 264 1727 320 profecti,

273 343 449 371 sensum
478 329 747 386 primitivum
775 330 894 373 vocis
927 324 1089 386 ,.ἆνήρ“
1119 346 1142 372 a
1171 331 1314 374 radice
1344 333 1488 386 „van“
1531 332 1727 378 derivare

272 400 492 444 debemus.
551 400 599 446 Si
630 398 771 457 δάμαρ
802 408 932 458 atque
963 399 1169 458 ὃόμορτις
1200 403 1406 446 feminam
1438 405 1642 448 domitam
1672 408 1726 450 si—

271 472 466 527 gnificat,
509 473 624 529 quod
657 488 817 516 nomen
846 474 988 532 aptius
1019 480 1085 517 est
1114 474 1169 516 ad
1208 474 1289 517 viri
1330 482 1526 519 naturam
1566 477 1726 522 deseri-

270 544 472 599 bendam‚
518 559 644 600 quam
671 539 789 601 α’νήρ,
839 545 866 587 i.
900 561 936 589 e.
964 544 1111 602 savrjq,
1156 561 1265 603 quae
1310 562 1397 591 vox
1435 556 1564 592 sensu
1588 550 1727 594 activo

274 616 459 658 eandem
489 616 711 658 notionem
743 616 947 672 exprimit
975 631 1083 672 quae
1114 631 1241 660 sensu
1275 619 1443 675 passivo
1461 621 1540 663 sub
1568 617 1723 678 δάμαρ,

269 683 477 741 ὃόμορτις
507 687 680 729 occulta
711 689 799 729 est!

403 760 496 803 Iam
529 759 563 801 si
593 759 930 814 consideramus,
962 774 1091 802 voces
1119 752 1227 813 ὄὲναξ
1250 766 1292 802 et
1319 754 1428 817 α’νήρ
1457 762 1512 804 ad
1544 765 1726 808 eandem

271 829 451 886 stirpem
485 829 724 886 pertinere,
765 829 961 871 notiones
999 829 1118 886 regis
1159 837 1202 872 et
1241 830 1323 872 viri
1354 831 1514 889 optime
1544 834 1725 877 alteram

270 916 326 942 ex
364 901 499 942 altera
539 901 753 956 originem
792 901 952 944 ducere
996 917 1121 959 posse
1164 916 1215 944 eo
1257 902 1466 957 firmatur,
1510 905 1625 961 quod
1659 921 1725 962 gr.

267 969 388 1027 γύνη,
419 978 508 1026 got.
541 973 677 1028 quens
712 990 756 1009 z
789 973 940 1028 θῆλυς,
973 973 1090 1028 angl.
1121 974 1516 1030 queen=regina,
1544 977 1598 1018 ad
1629 991 1725 1019 ean-

268 1044 368 1086 dem
396 1043 603 1096 radieem,
646 1057 755 1100 quae
785 1050 850 1085 est
885 1039 1043 1100 „g²an,“
1085 1045 1316 1087 referenda
1359 1053 1472 1102 sunt,
1519 1047 1575 1090 cf.
1604 1047 1726 1091 Curt.

268 1131 310 1173 p.
345 1116 436 1157 160.
487 1114 543 1157 Κ.
573 1114 737 1158 Ztsehr.
769 1115 811 1157 X
855 1131 895 1172 p.
921 1116 1015 1159 375.
1055 1116 1104 1158 cf.
1119 1116 1238 1160 VIII
1274 1133 1315 1174 p.
1343 1117 1433 1160 118.
1505 1119 1593 1161 Hic
1629 1134 1726 1162 sen-

268 1202 340 1228 sus
383 1186 627 1243 primitivus
666 1202 690 1227 a
719 1186 931 1242 gignendi
970 1194 1013 1229 et
1045 1188 1241 1243 pariendi
1280 1188 1457 1230 notione
1494 1189 1726 1243 derivatur,

267 1273 363 1300 cum
391 1258 434 1299 in
466 1251 573 1311 ἄναξ
601 1264 643 1299 et
674 1253 778 1314 ἀνήρ
807 1274 831 1300 a
862 1258 1064 1301 domandi
1095 1273 1224 1301 sensu
1268 1260 1605 1316 etymologicam
1652 1260 1724 1302 de·

267 1329 524 1371 rivationem
556 1332 799 1385 profectam
831 1344 926 1373 esse
958 1330 1416 1373 demonstraverimus.
1478 1332 1588 1374 Cum
1619 1326 1723 1388 ἀνὴρ

265 1407 309 1443 et
338 1402 497 1443 vanara
527 1414 857 1457 quoquoversus
894 1402 1076 1444 eandem
1116 1417 1219 1459 prae
1260 1416 1305 1445 se
1345 1403 1461 1445 ferre
1508 1403 1726 1459 originem

264 1472 595 1527 ostenderimus,
628 1474 841 1515 sententia
871 1488 1035 1527 eorum,
1065 1474 1138 1530 qui
1166 1490 1194 1515 α
1223 1473 1268 1516 in
1297 1468 1409 1530 οἷνήρ
1437 1476 1721 1530 προθετικῶς

269 1544 464 1587 additum
508 1558 603 1586 esse
649 1544 812 1598 dieunt,
851 1546 908 1588 ef.
956 1544 1076 1587 Curt.
1120 1560 1162 1601 p.
1201 1545 1298 1599 654,
1347 1545 1588 1588 deserenda
1646 1553 1722 1588 est.

268 1616 362 1660 Iam
398 1617 537 1659 forma
578 1612 712 1672 ἄνδρα
749 1616 827 1671 (cf.
856 1631 898 1672 p.
913 1617 1000 1671 36),
1046 1616 1245 1674 spiritum
1290 1632 1491 1674 asperum
1531 1632 1554 1659 e
1599 1617 1722 1660 litera

265 1688 462 1746 spiranti,
508 1702 636 1743 quam
666 1687 884 1743 digamma
915 1687 1050 1731 fuisse
1079 1702 1195 1730 nunc
1224 1694 1403 1743 constat,
1451 1694 1593 1731 ortum
1624 1703 1720 1731 esse

266 1760 471 1815 efficitur,
499 1760 572 1817 qui
599 1760 776 1816 spiritus
806 1767 958 1816 postea
982 1761 1029 1801 in
1059 1761 1204 1801 lenem
1234 1761 1416 1803 transiit.
1493 1759 1541 1803 Si
1572 1775 1723 1803 vocem

265 1831 565 1875 sanskriticam
598 1833 759 1885 „nara“
790 1832 1056 1889 respicimuS‚
1087 1846 1197 1888 quae
1228 1831 1367 1874 forma
1405 1845 1428 1873 e
1468 1833 1605 1886 ,‚nar“
1635 1848 1725 1874 am·-

264 1902 454 1960 plificata
484 1908 563 1956 est,
604 1902 808 1959 suspicari
839 1903 991 1956 ausim,
1019 1902 1178 1957 „nara“
1208 1902 1362 1945 eodem
1391 1902 1534 1956 modo,
1566 1916 1650 1989 qpo
1679 1902 1723 1944 in

262 1975 412 2030 lingua
446 1973 620 2018 Graeca
648 1972 727 2027 μία
758 1988 781 2016 e
814 1987 947 2028 σαμια
973 1979 1114 2016 ortum
1151 1979 1230 2027 est,
1274 1973 1328 2016 cf.
1357 1973 1406 2016 L.
1435 1973 1613 2030 Meyer:
1665 1972 1721 2015 K.

263 2046 312 2090 Z.
329 2045 451 2089 VIII
478 2061 520 2104 p.
539 2045 617 2087 173
651 2060 674 2087 e
701 2047 891 2101 „vanara
920 2044 1192 2088 debilitatum
1221 2060 1328 2088 esse.
1361 2045 1479 2088 Illud
1503 2046 1618 2087 enim
1644 2060 1719 2087 no—

263 2118 329 2161 bis
364 2133 448 2161 non
482 2118 710 2161 offensioni
743 2133 836 2161 esse
866 2124 1023 2175 potest,
1053 2118 1169 2174 quod
1201 2118 1351 2174 lingua
1368 2118 1537 2162 Graeca
1553 2119 1598 2160 in
1611 2132 1720 2159 voce

261 2186 367 2247 ἀνήρ
396 2190 519 2233 nobis
553 2190 734 2248 stirpem
765 2190 1006 2248 pleniorem
1039 2190 1267 2246 minusque
1300 2190 1536 2232 mutilatam
1578 2204 1721 2232 serva-

262 2262 338 2315 vit,
383 2276 512 2317 quam
553 2261 705 2317 lingua
745 2260 1015 2304 Sanskritica
1060 2262 1117 2305 ef.
1150 2262 1270 2305 Curt.
1301 2262 1325 2304 I
1368 2277 1407 2318 p.
1438 2261 1503 2303 31.
1587 2260 1635 2304 Si
1675 2261 1719 2302 in

264 2332 434 2377 Graeca
463 2332 617 2390 lingua
647 2339 950 2389 argumentum
975 2340 1139 2376 eertum
1160 2332 1446 2387 inveniretur,
1468 2347 1551 2389 quo
1566 2347 1718 2375 vocem

263 2401 400 2460 ἀστήρ
429 2404 554 2446 litera
584 2404 764 2461 spiranti
795 2405 1050 2447 instructam
1080 2404 1215 2445 fuisse
1243 2403 1503 2454 efficeretur,
1517 2403 1718 2458 equidem

262 2476 432 2518 literam
463 2475 687 2518 Aeolicam
718 2475 818 2518 huie
850 2476 944 2518 voci
974 2476 1255 2528 vindicarem,
1288 2489 1384 2517 cum
1412 2474 1466 2517 ad
1496 2474 1720 2517 sanskriti·

263 2563 361 2591 eum
391 2548 606 2603 „vastar“,
648 2547 763 2603 quod
794 2547 917 2590 nobis
947 2547 1088 2589 adhuc
1118 2552 1335 2589 servatum
1366 2553 1431 2589 est
1457 2546 1503 2588 in
1532 2545 1719 2601 „dosha-

266 2620 439 2662 vastar“
464 2620 518 2662 cf.
549 2620 632 2674 Rg.
648 2619 702 2661 V.
724 2619 760 2673 I,
783 2620 817 2663 1.
836 2620 858 2661 7
890 2620 1197 2675 confugerem3
1228 2625 1372 2661 vastar
1404 2619 1533 2673 enim,
1566 2634 1663 2661 cum
1693 2634 1717 2661 a

263 2692 410 2735 radice
438 2707 558 2747 „vas,
588 2691 697 2734 ush“
728 2690 939 2746 originem
973 2691 1114 2744 ducat,
1153 2706 1249 2733 eum
1281 2690 1507 2747 significat,
1550 2690 1621 2746 qui
1655 2690 1714 2732 lu-
