1984 3332
959 173 1011 215 76

259 289 471 333 rationem
499 290 706 335 habemus
736 292 799 333 rei
828 292 1047 346 metricae,
1065 292 1203 348 qualis
1233 297 1298 335 est
1327 291 1440 350 apud
1464 291 1718 346 Homerum,

257 375 344 404 non
373 361 594 405 invenitur
634 363 770 413 loeus,
815 362 889 418 qui
937 369 985 405 ut
1028 363 1197 406 literam
1242 363 1480 421 spirantem
1526 364 1572 406 in
1610 377 1717 407 voce

255 425 361 484 ὄὶὀος
390 433 577 476 valuisse
608 439 860 489 statuamus,
891 448 969 477 nos
1002 434 1134 491 cogit.
1192 434 1294 478 Non
1324 435 1439 478 enim
1470 434 1589 479 extat
1616 449 1715 492 pro-

262 505 408 547 ductio
438 506 583 547 brevis
615 505 814 560 syllabae
843 505 888 548 in
910 512 1215 549 consonantem
1240 506 1477 549 desinentis
1498 513 1597 549 ante
1613 500 1719 557 ἶίδος

257 582 301 617 et
330 569 550 632 ἀδηκότες,
590 576 706 633 quod
736 583 1040 632 argumentum
1074 577 1227 621 deesse
1259 592 1344 622 non
1383 577 1513 621 debet
1540 577 1596 621 ad
1623 577 1718 620 lite·
1767 600 1769 603 ·

256 663 349 689 ram
379 648 615 705 spirantem
644 648 743 690 voci
776 649 1072 704 tribuendum,
1102 664 1244 707 neque
1269 650 1337 692 his
1366 649 1544 692 vocibus
1573 649 1717 691 hiatus

260 720 399 762 oritur
426 719 614 763 illicitus.
646 720 800 778 Itaque
829 735 853 763 e
883 721 1000 764 A88
1031 721 1139 763 nihil
1170 721 1223 763 de
1255 722 1381 763 litera
1412 720 1592 778 spiranti
1620 735 1716 763 con-

257 790 434 833 cludere
464 804 710 847 possumuS,
750 792 1004 848 pracsertim
1036 807 1135 834 cum
1166 791 1291 834 aliam
1331 791 1563 834 habeamus
1593 791 1718 845 viam,

257 878 342 918 qua
367 863 496 905 istum
537 863 701 905 hiatum
743 862 964 921 explicare
1012 878 1238 920 possumus
1283 864 1358 914 (cf.
1390 877 1432 919 p.
1453 863 1562 919 109).
1631 863 1719 906 Eos

258 935 391 988 locos,
422 935 495 976 ubi
522 932 699 992 καμάτῳ
731 930 944 991 ἀδηκότες
974 935 1182 992 producta
1209 934 1345 977 vocali
1378 934 1505 976 litera
1545 949 1580 991 ῳ
1609 933 1717 991 legi·

260 1022 369 1060 mus,
399 1007 509 1049 nihil
531 1006 829 1050 demonstrare
845 1022 974 1064 posse
1009 1008 1191 1063 quisque
1219 1007 1451 1062 intelliget,
1481 1021 1577 1048 cum
1609 1022 1643 1061 ῳ
1674 1005 1719 1047 in

256 1076 342 1118 arsi
406 1076 660 1133 saepissime
712 1083 813 1119 ante
859 1078 1031 1119 vocales
1080 1076 1409 1134 productionem
1452 1081 1599 1118 servet
1642 1076 1718 1128 (cf.

258 1146 421 1190 Hoffm.
439 1147 475 1202 1,
492 1147 578 1202 60).
653 1149 950 1202 Quamobrem
982 1147 1211 1191 Bekkerus
1256 1161 1344 1190 non
1382 1147 1535 1189 merito
1566 1160 1719 1190 vocem

256 1211 362 1268 ἅδος
390 1217 611 1274 digammo
640 1217 861 1261 instruxit.

388 1290 480 1333 Iam
511 1291 766 1333 accedamus
795 1291 850 1333 ad
876 1291 919 1337 Ξ
929 1291 1025 1345 285,
1057 1291 1130 1333 ubi
1164 1290 1431 1333 Hoffmanno
1462 1291 1574 1333 duce
1604 1291 1646 1345 (Ι
1678 1305 1718 1346 p.

257 1360 330 1410 93)
363 1366 482 1403 extat
512 1360 653 1403 hiatus
683 1360 859 1404 illicitus
891 1362 947 1403 cf.

421 1429 565 1489 βήτην,
595 1427 809 1489 ἀκροτάτη
838 1432 886 1476 δέ
915 1433 1066 1476 ποδῶν
1093 1430 1182 1475 ὑπὸ
1211 1432 1383 1476 σείετο
1414 1429 1505 1488 ῧλη

388 1503 567 1546 Etiamsi
596 1504 718 1546 nullo
747 1504 834 1547 alio
878 1504 976 1546 loco
1009 1503 1230 1546 metricam
1276 1502 1571 1546 difficultatem
1615 1517 1721 1546 voce

260 1572 340 1630 ὕλη
368 1582 504 1618 ortam
533 1576 791 1629 invenimus,
832 1583 978 1617 tamen
1018 1576 1102 1617 hoc
1148 1575 1247 1617 loco
1278 1574 1530 1616 memoriam
1569 1575 1722 1617 literae

257 1644 436 1690 initialis
465 1661 485 1689 s
518 1646 710 1690 nondum
739 1646 980 1699 evanuisse,
1005 1645 1090 1689 alio
1109 1650 1228 1689 certo
1244 1650 1500 1703 argumento
1521 1644 1721 1690 efficitur.

260 1734 282 1766 ς
311 1718 356 1758 in
390 1715 471 1772 ὕλη
501 1719 641 1759 adhuc
683 1725 900 1759 servatum
948 1725 1013 1759 est
1056 1719 1102 1758 in
1130 1714 1438 1772 Σκαπτη-σύλη
1482 1718 1557 1758 lat.
1586 1719 1719 1774 Skap.

260 1786 430 1831 tensula
475 1786 547 1844 (ef.
579 1786 832 1830 Lachmann
861 1804 897 1831 z.
932 1786 1105 1831 Lucret.
1125 1787 1192 1832 VI
1221 1804 1262 1847 p.
1282 1786 1397 1844 810),
1442 1787 1502 1831 ita
1545 1793 1593 1831 ut
1634 1803 1721 1832 non

258 1860 466 1914 dubitem,
507 1861 612 1914 quin
641 1860 748 1901 haec
780 1860 999 1914 antiquior
1025 1861 1165 1901 forma
1205 1860 1337 1901 hiatui
1378 1860 1531 1902 illicito
1562 1860 1719 1902 iustam

263 1929 600 1988 explicationem
628 1930 794 1973 afferat.

369 2001 641 2059 Quamquam
658 2003 802 2045 omnia
813 2004 1014 2061 exempla
1036 2003 1396 2057 enumeravimus,
1410 2016 1533 2059 quae,
1548 2003 1583 2046 si
1593 2002 1721 2046 ratio-

260 2089 357 2117 nem
375 2074 584 2117 habemus
596 2074 737 2118 hiatus
757 2075 830 2130 qui
848 2075 986 2118 oritur
1008 2081 1112 2130 tum,
1134 2090 1233 2117 cum
1249 2074 1393 2118 brevis
1412 2074 1575 2117 vocalis
1600 2075 1723 2118 brevi

257 2145 441 2200 syllaba,
478 2145 522 2187 in
563 2146 755 2188 vocalem
803 2145 1048 2200 desinente,
1080 2145 1311 2203 excipitur,
1354 2159 1378 2187 e
1412 2146 1538 2188 litera
1567 2145 1721 2188 initiali

259 2230 279 2257 s
305 2216 460 2259 iustam
492 2224 695 2273 repetunt
724 2218 1065 2272 excusationem,
1096 2224 1241 2260 tamen
1269 2218 1353 2260 hoc
1378 2218 1476 2260 loco
1494 2231 1572 2259 eae
1589 2232 1719 2260 voces

259 2287 514 2331 tractandae
543 2288 647 2330 mihi
678 2295 790 2343 sunt,
839 2289 893 2331 de
941 2304 1120 2346 quarum
1162 2288 1289 2331 litera
1318 2287 1472 2330 initiali
1502 2303 1521 2330 s
1556 2292 1721 2331 tantum

260 2374 283 2402 c
315 2359 602 2418 productione
633 2361 830 2404 brevium
862 2361 1128 2418 syllabarum
1155 2360 1201 2402 in
1232 2366 1541 2403 consonantem
1559 2374 1720 2403 exeun-

260 2431 380 2484 tium,
427 2446 536 2488 quae
568 2432 704 2474 estin
747 2432 936 2474 caesuris
980 2431 1287 2487 semiquinaria
1325 2437 1369 2473 et
1412 2431 1722 2487 semiternaria,

259 2502 421 2560 aliquid
454 2503 561 2546 certi
604 2503 805 2546 concludi
832 2509 988 2561 potest.
1039 2504 1243 2559 Magnam
1287 2516 1382 2546 esse
1429 2517 1577 2546 eorum
1604 2503 1720 2547 loco-

259 2589 354 2616 rum
396 2573 719 2616 multitudinem
751 2575 951 2617 Hoffm.1
982 2590 1022 2632 p.
1043 2574 1123 2616 102
1153 2573 1293 2627 docet,
1336 2573 1413 2616 sed
1454 2574 1500 2615 in
1546 2573 1723 2617 dimidia

258 2646 433 2689 illorum
460 2647 655 2689 locorum
686 2653 811 2703 parte
842 2647 991 2689 literae
1025 2646 1242 2703 spirantes
1258 2645 1483 2689 metricam
1501 2645 1722 2703 explicant

257 2717 572 2762 difficultatem.
633 2718 702 2761 De
731 2717 1109 2775 productionibus,
1139 2731 1249 2774 quae
1277 2722 1428 2760 extant
1454 2716 1499 2759 in
1530 2717 1720 2760 caesuris
