1984 3332
927 159 1007 203 105

1407 235 1423 254 Q

245 289 373 340 stant,
390 284 435 326 in
463 284 637 341 antiqua
665 284 786 342 epica
805 284 925 341 poesi
939 284 1175 341 productas
1192 298 1238 326 se
1255 284 1519 340 praebuisse,
1535 284 1693 327 deinde

244 356 457 415 ancipites
486 357 622 401 factas
654 371 748 401 esse
780 356 923 412 certis,
950 362 998 399 ut
1014 356 1183 415 opinor,
1197 355 1465 413 argumentis
1483 356 1691 399 firmatur.
1750 390 1752 392 >

243 428 420 485 Longas
462 435 605 471 autem
643 428 815 471 vocales
854 428 898 470 in
926 427 1089 471 eisdem
1126 428 1303 471 vocibus
1348 443 1447 471 cum
1492 429 1691 471 brevibus

244 501 359 560 apud
386 502 627 546 Homerum
656 500 908 544 commutari
937 515 1063 559 posse
1095 516 1183 545 non
1218 508 1295 557 est,
1325 500 1440 558 quod
1470 500 1690 544 miremur.

243 574 316 618 Sic
354 574 536 630 legimus
576 574 618 615 in
662 573 921 615 carminibus
950 573 1193 616 Homericis
1222 573 1463 630 Κρονίονος
1501 580 1545 616 et
1574 576 1689 628 Κρο·

241 645 405 701 νίωνος,
434 643 510 690 δύο
542 652 584 688 et
612 642 721 701 δύω,
760 645 887 701 δεῦρο
921 652 965 688 et
991 643 1143 702 δεύρω,
1184 647 1296 704 quod
1327 646 1521 690 Dindorf
1549 646 1690 689 Hero·

240 717 414 760 dianum
444 724 629 771 secutus,
661 718 824 775 primus
851 718 896 759 in
926 724 1091 760 textum
1118 719 1281 776 recepit
1303 723 1341 760 Γ
1350 719 1453 761 240:
1485 715 1512 774 ἢ
1540 714 1680 772 δεύρω

242 788 321 845 μὲν
347 788 520 834 ἕποντο.
581 789 823 833 Fortiorem
849 796 992 832 autem
1026 785 1158 832 fuisse
1198 796 1393 832 naturam
1434 804 1579 832 earum
1616 804 1689 831 vo-

242 861 414 915 calium,
457 875 565 917 quac
603 861 648 904 in
675 861 792 904 hiatu
821 861 986 918 positae
1015 860 1306 916 inveniuntur,
1347 861 1580 919 praecipue
1627 876 1683 904 ex

242 947 292 975 ea
318 947 366 976 re
395 933 602 989 colligere
631 948 872 991 possumus,
904 933 1020 989 quod
1050 933 1233 976 maxima
1264 948 1412 976 earum
1430 949 1528 992 pars
1557 933 1688 976 etiam

240 1012 338 1049 ante
369 1020 509 1061 voces,
554 1021 657 1064 quas
686 1021 710 1049 a
741 1005 923 1063 singulis
964 1005 1298 1049 consonantibus
1336 1004 1549 1064 incepisse
1588 1019 1687 1049 con·

242 1084 336 1131 stat,
378 1078 522 1120 multis
558 1078 663 1120 locis
702 1077 817 1135 apud
846 1078 1086 1120 Homerum
1123 1078 1376 1134 productam
1408 1092 1452 1121 se
1484 1084 1687 1135 praestat.

238 1150 307 1194 De
336 1150 418 1194 hac
445 1164 492 1193 re
523 1149 630 1193 nihil
657 1147 774 1193 aliud
804 1147 996 1192 iudicare
1026 1149 1246 1202 debemus,
1274 1164 1324 1193 ac
1356 1148 1409 1192 de
1440 1148 1687 1207 productio-

243 1222 366 1265 nibus
393 1222 606 1265 vocalium
637 1222 842 1275 finalium,
874 1236 985 1277 quae
1014 1222 1060 1264 in
1090 1223 1264 1279 antiqua
1291 1222 1545 1265 Latinorum
1567 1222 1688 1279 poesi

237 1294 536 1337 inveniuntur:
565 1295 616 1337 cf.
635 1293 853 1337 Corssen:
884 1293 1034 1337 vocal.
1063 1292 1246 1351 Ausspr.
1276 1308 1318 1350 p.
1333 1293 1415 1336 329
1438 1309 1491 1337 ss.

373 1366 483 1408 Illae
513 1365 627 1408 enim
656 1366 827 1408 vocales
857 1365 1093 1422 productae
1124 1365 1248 1408 nobis
1286 1365 1572 1420 antiquiorem
1601 1365 1686 1407 lin-

242 1452 353 1494 guae
385 1437 677 1480 conditionem
710 1437 957 1491 ostendunt,
994 1437 1038 1479 in
1071 1452 1154 1492 qua
1191 1437 1408 1494 pleniores
1444 1437 1608 1479 formae
1640 1437 1685 1479 in

237 1525 316 1553 usu
346 1515 479 1553 erant.
552 1508 605 1551 In
646 1509 726 1552 hac
770 1514 860 1552 tota
893 1498 1142 1567 quaestione
1171 1522 1402 1564 numquam
1435 1509 1682 1564 confugiam

237 1581 290 1623 ad
320 1582 644 1638 productiones,
690 1595 798 1637 quae
824 1581 1105 1623 inveniuntur
1137 1587 1236 1622 ante
1282 1594 1351 1623 eas
1390 1594 1534 1634 voces,
1581 1595 1686 1638 quas

235 1653 351 1711 apud
379 1652 619 1697 Homerum
648 1669 673 1695 a
701 1670 754 1709 J-Q
789 1660 832 1696 et
861 1668 913 1697 σν
952 1652 1168 1711 incepisse
1209 1651 1568 1695 verisimillimum
1607 1658 1684 1703 est,

228 1726 291 1768 ‘de
321 1725 473 1782 quibus
504 1726 699 1769 conferas
731 1725 781 1769 L.
813 1725 984 1781 Meyer:
1022 1725 1155 1768 Ueber
1185 1725 1254 1767 die
1283 1724 1544 1767 aulantende
1576 1723 1685 1766 Con—

234 1798 707 1855 sonantenverbinduny
748 1815 801 1850 fo
843 1800 887 1840 in
926 1799 1002 1840 der
1046 1797 1336 1840 komerischen
1375 1795 1570 1853 Sprache
1607 1795 1684 1851 (K.

235 1868 403 1911 Ztschr.
423 1868 508 1910 XV
548 1884 589 1925 p.
612 1872 631 1912 1
651 1883 691 1910 ss
733 1869 786 1909 cf.
820 1869 1021 1911 Hoffm.1
1049 1884 1091 1925 p.
1111 1870 1209 1923 136)
1256 1876 1298 1910 et
1328 1870 1490 1911 Hoffm.
1537 1869 1561 1910 l.
1592 1884 1628 1910 c.
1661 1868 1681 1909 Ι

233 1956 276 1997 p.
299 1940 526 1983 149-151.
582 1940 733 1997 Itaque
766 1955 880 1982 nunc
909 1939 964 1982 ad
994 1955 1066 1982 eas
1098 1940 1284 1993 vocales,
1331 1955 1439 1996 quae
1486 1940 1531 1983 in
1564 1940 1681 1983 hiatu

234 2012 399 2070 positae
427 2012 716 2067 inveniuntur,
748 2012 1082 2056 considerandas
1112 2012 1390 2056 accedamus!

364 2084 589 2143 Exempla,
632 2099 741 2141 quae
771 2072 1055 2128 Hoffmannus
1096 2084 1236 2127 attulit
1264 2101 1305 2143 p.
1323 2085 1389 2139 88,
1422 2085 1475 2128 ad
1519 2085 1681 2128 hiatum

234 2157 277 2200 in
307 2172 481 2200 caesura
511 2157 726 2199 trochaica
754 2157 876 2215 pedis
904 2156 1022 2199 tertii
1053 2158 1360 2211 excusandum,
1388 2158 1425 2199 si
1449 2158 1682 2215 perlustra-

234 2243 341 2283 mur,
373 2229 695 2287 quatuordecim
728 2236 877 2273 extant
894 2232 991 2285 loci,
1022 2231 1096 2272 ubi
1125 2231 1373 2273 terminatio
1405 2231 1536 2274 medii
1567 2247 1618 2274 το
1639 2238 1682 2274 et

234 2316 306 2343 ντο
336 2300 495 2343 hiatum
524 2301 720 2344 effecisse
750 2302 935 2346 videtur.

495 2374 547 2415 cf.
578 2377 631 2415 A
650 2375 746 2417 569.
776 2378 987 2433 καθῆστο,
1016 2373 1322 2431 ἐπιγνάμψασα

577 2449 617 2488 Β
651 2447 746 2489 211.
775 2445 937 2503 ἕζοντο,
968 2445 1184 2505 ἐρήτυθεν

647 2520 741 2563 315.
771 2514 1057 2578 ἀμφεποτᾶτο
1088 2516 1323 2578 ὀδυρομένη

645 2592 739 2635 571.
770 2590 970 2647 ἐνέμοντο
998 2588 1285 2650 Ἀραιθυρέην

575 2667 617 2706 Δ
647 2664 714 2707 91.
769 2662 932 2708 ἕποντα
959 2660 1034 2707 ἀπ’

576 2738 615 2779 Ε
645 2736 738 2781 270.
768 2735 961 2793 ἐγένοντο
992 2735 1056 2782 ἐνι
