1984 3332
945 190 1001 231 49

243 323 339 352 cem
367 310 495 353 affert
511 311 564 366 ¹);
595 324 720 367 quam
736 308 1096 365 significationem
1125 320 1225 348 cum
1256 319 1305 347 ea
1333 305 1522 360 notione,
1565 319 1692 361 quam

243 375 378 439 ἆστήρ
406 381 624 437 describit,
668 381 830 439 optime
861 378 1080 423 conciliari
1119 392 1248 436 posse
1276 377 1371 434 quis
1402 382 1479 432 est,
1523 376 1598 434 qui
1625 390 1699 419 ne-

246 453 352 509 get?
401 452 511 496 Tum
542 453 696 497 eodem
726 452 870 507 modo,
900 467 985 510 quo
1014 450 1152 506 „nar“
1181 450 1343 504 ,‚nara“
1375 464 1398 491 e
1426 444 1577 505 favrje,
1607 450 1695 492 skr.

241 528 391 580 ,‚star“
424 525 497 581 (N.
532 525 600 569 Pl.
621 525 790 580 statas),
832 530 959 580 atque
994 524 1051 580 (s)
1078 525 1173 567 tara
1200 537 1223 566 e
1250 518 1416 580 faovrjq
1448 521 1694 565 mutilatum

244 611 339 641 esse
385 597 587 640 dicerem.
658 597 727 639 De
765 591 899 653 ἀστήρ
942 596 997 639 cf.
1041 595 1163 639 Ourt.
1192 611 1235 654 p.
1264 595 1356 638 187.
1430 593 1512 638 Sin
1554 600 1699 637 autem

244 671 406 724 „nara“
446 683 469 710 e
505 668 717 722 „vanarae‘
760 667 975 724 prodiisse
1015 672 1253 721 constaret,
1307 666 1473 708 nomini
1522 665 1697 722 proprio

241 739 475 795 „Vanssrass
519 738 680 797 optime
723 738 1008 796 responderet
1052 737 1254 781 Latinum
1305 751 1465 780 nomen
1505 736 1699 793 „Nero“,

245 811 361 869 quod
388 826 483 854 cum
515 811 560 853 in
590 811 741 867 lingua
771 810 932 856 Sabina
959 811 1178 852 hominem
1217 809 1373 852 fortem
1414 810 1698 863 describeret,

243 883 315 934 (cf.
329 882 450 926 Suet.
466 882 600 925 Tiber
628 898 663 925 c.
680 882 717 925 I.
749 884 804 925 cf.
822 881 879 924 K.
890 881 1056 925 Ztschr.
1069 882 1106 937 Ι,
1120 881 1220 936 307)
1247 897 1272 923 a
1303 881 1561 925 sanskritica
1588 895 1698 924 voce

242 954 404 1009 ,‚nara“
430 968 519 996 non
547 953 836 1011 separandum
866 958 944 995 est.

376 1024 452 1068 Ad
480 1024 683 1079 radicem,
714 1039 823 1080 quae
854 1024 934 1067 sub
961 1016 1069 1077 ἅναξ
1095 1028 1137 1065 et
1160 1017 1269 1079 ἆνήρ
1298 1024 1418 1078 latet,
1463 1024 1592 1066 etiam
1629 1037 1697 1066 re-

245 1100 340 1142 fero
373 1097 546 1140 nomina
572 1096 767 1155 propria:
796 1091 971 1153 Ἰάνειρα
1003 1103 1045 1139 et
1072 1091 1275 1148 Ἰάνασσα,
1306 1110 1416 1153 quae
1439 1092 1699 1151 enfo‘cvscpa

245 1162 288 1211 et
315 1165 552 1212 nsso'waooa
580 1174 674 1210 orta
703 1182 798 1210 esse
825 1169 931 1210 mihi
967 1168 1142 1224 quidem
1171 1168 1274 1209 satis
1311 1173 1491 1210 constat.
1519 1184 1548 1209 J·-
1577 1168 1697 1210 vocis

243 1234 406 1285 ἅνασσα
436 1240 480 1282 in
510 1239 755 1283 recentiore
785 1240 911 1282 titulo
941 1238 1159 1282 Laconico
1197 1238 1338 1281 adhuc
1379 1244 1499 1281 extat
1525 1240 1578 1282 cf.
1611 1239 1700 1282 Pe-

245 1318 333 1355 ters
365 1328 406 1370 p.
427 1312 490 1355 10.
541 1311 610 1354 Ibi
644 1312 759 1353 enim
790 1311 999 1366 legimus:
1042 1305 1363 1365 Εὕρυβάνασσα.
1392 1314 1420 1352 Ι
1446 1310 1492 1353 in
1519 1317 1703 1367 utraque

243 1397 353 1427 voce
383 1382 589 1439 dig-ammi
628 1396 808 1425 munere
843 1382 983 1437 fungi,
1011 1382 1071 1437 id,
1096 1382 1211 1437 quod
1240 1382 1399 1426 Christ.
1431 1382 1460 1425 l.
1490 1398 1525 1425 c.
1558 1399 1599 1440 p.
1619 1383 1698 1426 193

243 1461 287 1498 et
313 1454 606 1512 Legerloth
634 1469 677 1512 p.
698 1455 784 1497 373
813 1460 1019 1510 statuunt,
1036 1468 1125 1497 non
1147 1454 1468 1496 affirmaverim.
1499 1454 1553 1497 cf.
1576 1454 1701 1498 Curt.

241 1542 284 1584 p.
298 1527 401 1582 5063
433 1527 576 1583 potius
596 1527 698 1570 illae
719 1541 863 1582 voces,
892 1542 991 1570 cum
1011 1527 1066 1569 ad
1080 1526 1272 1570 radicem
1288 1527 1426 1581 „van“
1441 1527 1698 1570 referendae

239 1598 339 1654 sint,
365 1598 657 1656 reduplicatas
688 1600 853 1644 formas
883 1599 1095 1657 praebere
1123 1598 1229 1641 mihi
1250 1598 1465 1642 videntur.
1494 1598 1558 1643 Ut
1580 1600 1696 1641 enim

244 1672 259 1715 i
286 1671 333 1714 in
377 1668 501 1727 ἰάχω,
539 1673 700 1728 ἵστημι,
746 1668 870 1727 ἰ’σχω,
908 1686 1018 1728 quae
1061 1666 1225 1714 formae
1256 1684 1280 1712 e
1308 1667 1476 1723 ststdxw
1509 1670 1695 1726 σίστημι,

241 1738 398 1792 σισέχω
427 1738 645 1795 originem.
672 1739 906 1795 duxerunt,
943 1739 1296 1797 reduplicationis
1339 1740 1555 1795 syllabam
1597 1754 1694 1783 esse

240 1815 409 1853 constat
454 1810 505 1853 cf.
533 1811 695 1855 Christ.
740 1826 783 1868 p.
802 1811 895 1867 153,
940 1812 1000 1855 ita
1038 1812 1168 1855 etiam
1211 1829 1227 1855 ι
1257 1813 1303 1855 in
1332 1807 1511 1869 Ἰάνειρα
1551 1818 1596 1855 et
1623 1809 1696 1855 Ἰά-

239 1894 387 1936 νασσα,
425 1896 505 1938 pro
534 1878 755 1937 nfo'cvscqa
783 1889 826 1925 et
854 1879 1111 1937 fcstdvaooa,
1157 1883 1343 1925 eandem
1387 1883 1696 1939 reduplicatio-

239 1966 341 1995 nem
373 1952 620 2010 exprimere
644 1954 752 1997 vult.
823 1953 1128 2012 Reduplicatio
1174 1960 1316 1997 autem
1358 1954 1540 2006 notioni,
1586 1968 1696 2010 quae

241 2023 320 2065 sub
350 2023 530 2066 vocibus
562 2018 669 2080 ἆνήρ
702 2030 744 2066 et
772 2017 884 2078 ἄναξ
909 2025 1078 2068 occulta
1107 2030 1187 2079 est,
1218 2026 1444 2081 augendae
1477 2032 1608 2081 atque
1624 2025 1696 2066 fir·

239 2095 420 2138 mandae
448 2095 630 2138 inservit
669 2097 723 2139 cf.
752 2096 804 2140 L.
838 2097 993 2153 Meyer
1022 2096 1126 2153 Vgl.
1156 2096 1276 2141 Gr.1
1305 2112 1346 2154 p.
1365 2097 1460 2140 417.
1530 2096 1697 2139 Eadem

237 2166 404 2209 ratione
420 2166 613 2225 Σίσυφος
651 2182 747 2210 cum
774 2163 915 2226 σόφος
943 2168 1247 2225 coniungimus
1280 2168 1357 2223 (cf.
1378 2168 1499 2212 Curt.
1529 2184 1570 2226 p.
1583 2168 1699 2223 408),

241 2238 315 2281 ubi
344 2252 389 2281 σι
422 2237 779 2296 reduplicationis
810 2239 1022 2295 syllabam
1050 2246 1362 2297 repraesentat,
1394 2254 1503 2295 quae
1527 2238 1583 2281 ad
1599 2254 1696 2282 sen—

238 2325 348 2364 sum,
379 2310 456 2366 qui
497 2309 745 2353 continetur
773 2310 984 2357 adiectivo
1000 2305 1152 2369 σόφος,
1171 2311 1409 2354 firmiorem
1422 2311 1697 2354 reddendum

239 2383 422 2424 multum
470 2383 596 2424 valet.
679 2382 884 2426 Carmina
923 2383 1159 2426 Homerica
1202 2383 1237 2425 si
1282 2383 1548 2440 inspicimus,
1576 2384 1697 2437 547,

238 2453 311 2496 καί
333 2459 432 2496 ante
444 2448 638 2497 Ἰάνασσα
675 2453 941 2512 producitur,
972 2468 1081 2511 quae
1110 2454 1338 2513 productio
1360 2456 1412 2498 ab
1429 2454 1694 2498 Hoffmanno

237 2524 266 2568 l.
297 2540 335 2569 c.
353 2525 403 2569 II
431 2541 473 2583 p.
498 2525 576 2568 186
615 2525 660 2568 in
688 2540 917 2570 numerum
949 2527 1159 2569 malarum
1189 2527 1416 2583 redigitur.
1472 2527 1594 2569 Haec
1623 2542 1694 2569 au-

373 2691 408 2737 1)
433 2690 511 2735 Qua
547 2690 593 2727 de
626 2702 737 2727 causa
769 2702 863 2737 eam,
899 2703 1010 2738 quam
1032 2692 1191 2738 Benfey:
1240 2693 1391 2729 Glossar
1428 2704 1458 2727 z.
1483 2691 1577 2727 Sfim.
1602 2692 1693 2727 Ved.

239 2765 277 2798 p.
290 2754 335 2789 95
359 2754 528 2801 protulit,
557 2754 828 2791 derivationem
851 2756 1011 2802 probare
1035 2767 1111 2791 uon
1136 2767 1300 2801 possum.

1401 2818 1431 2861 4
