1984 3332
997 195 1025 233 4

273 329 354 358 nes
384 315 532 370 legem
563 320 606 356 et
637 314 845 357 moralem
875 320 918 356 et
947 313 1191 356 naturalem
1222 313 1344 368 nullo
1376 314 1550 358 omnino
1570 315 1729 357 descri-

273 387 391 430 mine
421 387 605 430 alteram
644 388 697 430 ab
727 387 866 430 altera
894 393 1133 446 separatam
1166 401 1262 431 esse
1307 392 1552 441 senserunt,
1601 388 1727 431 etiam

275 459 330 501 ad
362 458 578 517 principia
606 458 747 501 ethica
776 459 1141 516 repraesentanda
1170 458 1445 503 adhibentur.
1475 458 1578 502 Non
1600 459 1727 502 aliter

274 546 346 574 res
373 547 419 574 se
449 532 581 574 habet
610 532 655 573 in
687 532 838 587 lingua
865 532 1066 587 humana,
1098 547 1205 589 quae
1238 531 1401 575 eisdem
1428 531 1621 588 vocibus,
1637 532 1728 588 qui-

272 604 354 646 bus
385 605 574 662 primum
604 618 689 657 reS‚
720 617 830 660 quae
861 604 917 646 ad
947 610 1143 646 naturam
1174 604 1406 660 pertinent,
1435 603 1655 658 describit,
1675 604 1729 646 ad

273 689 357 729 res,
389 690 500 731 quae
528 682 694 717 tantum
713 676 979 730 cogitatione
1009 678 1181 734 concipi
1199 684 1396 735 possunt,
1422 677 1731 735 designandas,

271 747 422 788 utitur.
480 746 652 789 Lectori
684 746 729 788 in
762 748 1015 790 memoriam
1041 762 1200 791 revoco
1230 763 1360 792 voces
1390 751 1523 803 „lux“
1565 755 1609 791 et
1643 756 1731 804 „te-

274 818 474 871 nebrae,“
519 831 644 874 quae,
689 818 773 860 nisi
816 818 871 860 ad
907 818 994 862 diei
1022 826 1218 863 naturam
1249 821 1582 864 describendam
1611 821 1729 864 adhi-

272 889 445 943 bentur,
477 888 698 931 notionem
730 890 833 932 boni
864 896 907 932 et
935 891 1037 933 mali
1068 892 1404 949 amplectuntur.
1437 892 1506 935 De
1536 893 1612 935 illa
1638 893 1728 951 pri-

276 961 426 1002 mitiva
460 962 638 1003 deorum
673 967 830 1003 natura
874 962 982 1003 nihil
1026 963 1213 1020 amplius
1254 969 1442 1006 statuere
1488 979 1726 1021 possemus,

273 1032 356 1075 nisi
408 1032 551 1075 vedici
607 1032 760 1089 hymni
808 1032 1020 1076 Indorum
1063 1034 1187 1077 nobis
1237 1035 1395 1078 servati
1443 1042 1602 1091 essent,
1654 1035 1727 1078 ubi

273 1105 594 1160 antiquissimas
638 1112 681 1146 et
726 1105 1064 1161 simplicissimas
1108 1106 1410 1161 cogitationes,
1454 1108 1609 1165 quibus
1653 1107 1727 1150 ho-

273 1177 413 1220 mines
443 1176 623 1220 deorum
659 1183 859 1219 naturam
900 1177 1216 1235 concipiebant,
1261 1178 1519 1223 invenimus.
1592 1179 1726 1238 Apud

273 1248 471 1293 Graecos
515 1247 696 1290 vedieae
736 1247 858 1305 poesi
900 1255 1101 1290 accurate
1145 1249 1433 1307 responderet
1478 1250 1586 1292 illud
1618 1250 1729 1307 lyri-

272 1336 349 1365 cae
401 1334 586 1377 poeseos
634 1335 790 1375 genus‚
843 1320 957 1375 quod
1011 1327 1109 1363 ante
1156 1320 1337 1363 Homeri
1396 1327 1593 1378 tempora
1649 1322 1728 1365 sub

271 1391 476 1447 mythicis
524 1391 800 1445 nominibus,
851 1391 978 1446 Lini,
1025 1391 1255 1448 Eumolpi,
1303 1391 1501 1449 Orphei,
1544 1392 1728 1435 aliorum

271 1463 431 1507 floruit.
502 1462 612 1506 Cum
656 1468 797 1505 autem
842 1462 926 1506 hoc
971 1463 1159 1520 primum
1206 1470 1335 1519 atque
1382 1462 1726 1519 antiquissimum

271 1550 454 1593 poeseos
488 1549 643 1590 genus,
675 1549 758 1590 quo
788 1534 914 1577 nobis
945 1534 1177 1591 purissima
1208 1541 1251 1577 et
1280 1534 1601 1592 simplicissima
1628 1551 1728 1578 con·

272 1608 477 1652 sideratio
507 1614 688 1650 naturae
717 1620 879 1661 rerum,
924 1607 1060 1662 qualis
1101 1613 1194 1649 erat
1232 1606 1347 1663 apud
1377 1607 1564 1664 populos
1596 1608 1727 1651 Indo-

273 1679 609 1732 Germanorum,
640 1678 921 1732 describitur,
952 1684 1117 1721 tantum
1148 1678 1201 1720 ab
1233 1678 1355 1721 Indis
1385 1685 1514 1736 atque
1543 1695 1567 1722 a
1590 1679 1729 1722 Persis

272 1758 491 1794 servatum
522 1751 591 1804 sit,
636 1750 681 1792 in
710 1749 872 1792 vedicis
903 1749 1080 1805 hymnis
1110 1755 1241 1806 atque
1283 1750 1328 1793 in
1364 1749 1499 1802 libris,
1547 1751 1620 1807 qui
1665 1751 1728 1794 di-

273 1828 428 1864 cuntur
448 1822 813 1875 „Zend-avesta“,
843 1821 976 1862 multa
1005 1821 1193 1876 vestigia
1220 1821 1420 1875 inveniri,
1453 1836 1562 1876 quae
1579 1822 1710 1879 siper

273 1893 512 1952 sequimur,
557 1891 685 1935 etiam
727 1893 855 1935 rebus
900 1892 1209 1949 mythologicis
1241 1892 1423 1936 aliorum
1453 1893 1729 1952 populorum,

273 1967 509 2023 praecipue
528 1965 799 2008 Graecorum
835 1970 875 2006 et
901 1964 1238 2019 Germanorum,
1266 1965 1428 2007 claram
1458 1966 1596 2008 lucem
1627 1967 1729 2008 affe-

272 2044 382 2091 rant,
414 2052 503 2080 non
533 2044 598 2080 est
630 2037 746 2092 quod
777 2036 998 2079 miremur.
1048 2037 1104 2079 In
1134 2036 1397 2079 carminibus
1425 2037 1571 2094 epicis,
1605 2051 1726 2094 quae,

274 2109 484 2167 posthoc
516 2109 703 2166 primum
747 2122 888 2163 genus
932 2107 1098 2163 lyricae
1138 2121 1321 2164 poeseos
1363 2108 1614 2164 composita,
1658 2124 1727 2151 res

273 2179 595 2236 mythologicas
625 2195 679 2223 ex
712 2179 798 2222 illis
827 2179 977 2236 lyricis
1010 2179 1186 2235 hymnis
1215 2178 1269 2221 ad
1299 2193 1345 2222 se
1376 2179 1611 2237 recipiunt,
1641 2180 1725 2237 pri—

273 2253 423 2295 mitiva
453 2253 635 2295 deorum
667 2259 821 2294 natura
849 2252 934 2294 iam
966 2253 1192 2305 turbatam,
1238 2258 1285 2293 ut
1310 2251 1369 2293 ita
1401 2251 1553 2305 dicam,
1597 2259 1725 2310 atque

274 2325 499 2369 confusam
529 2324 723 2381 speciem
756 2338 861 2382 prae
893 2338 944 2373 se
972 2323 1072 2378 fert,
1117 2337 1215 2365 cum
1253 2322 1323 2365 dei
1355 2338 1379 2365 a
1407 2323 1531 2365 coelo
1559 2323 1613 2366 ad
1642 2330 1727 2366 ter-

271 2412 364 2439 ram
403 2397 592 2439 revocati
624 2396 683 2438 ita
711 2395 767 2437 ad
803 2395 1025 2438 hominum
1066 2400 1261 2437 naturam
1300 2409 1346 2437 se
1376 2397 1727 2438 accommodave-

271 2469 375 2523 rint,
406 2475 455 2511 ut
483 2469 607 2512 nobis
636 2483 855 2525 nunquam
883 2467 976 2510 fere
1008 2466 1154 2509 divina
1185 2474 1339 2510 natura
1369 2467 1548 2511 deorum
1565 2467 1611 2510 in
1640 2468 1728 2512 ani-

274 2555 393 2583 mum
421 2546 666 2591 revocetur,
711 2539 809 2594 quia
852 2538 1090 2581 secundum
1121 2538 1350 2580 humanam
1379 2553 1450 2581 res
1477 2553 1635 2594 gerere
1665 2541 1721 2581 vi·-

271 2611 445 2655 dentur.
506 2611 562 2654 cf.
610 2610 724 2654 Otfr.
757 2609 938 2652 Miiller:
985 2609 1235 2665 Prolegom.
1261 2626 1297 2653 z,
1325 2625 1391 2666 gr.
1422 2610 1560 2666 Myth.
1582 2627 1631 2669 ⁴p.
1659 2611 1727 2654 84.

271 2684 488 2728 Homines
519 2699 613 2727 cum
646 2683 751 2726 deos
780 2681 835 2726 ad
862 2688 1021 2725 terram
1052 2689 1274 2738 revocent,
1305 2697 1513 2740 suamque
1529 2689 1724 2726 naturam

269 2758 522 2800 sublimiore
568 2757 714 2813 specie
753 2756 994 2813 praeditam
1038 2771 1135 2798 cum
1182 2756 1244 2798 eis
1292 2757 1623 2808 communicent,
1670 2756 1725 2797 ad
