1984 3332
932 144 984 187 73

1607 222 1620 239 .¹
1662 224 1689 252 ··.’
1711 245 1717 249 ἱ
1736 247 1749 260 .

359 270 540 313 Duobus
572 270 683 311 locis
711 269 757 310 in
788 282 966 310 caesura
996 267 1304 324 semiquinaria
1340 251 1771 369 bfflflffilgrsa'bffi‘
1848 288 1850 290 ,

228 340 275 385 in
305 346 614 386 consonantem
643 338 848 383 desinens
879 338 1134 396 producitur
1165 340 1223 383 cf.

489 417 536 455 N
552 411 648 454 368.
681 414 744 467 τῷ
775 412 811 453 δ’
844 408 868 453 o‘
896 411 1033 466 γέρων
1062 409 1267 467 Πριάμός
1295 407 1384 455 ὑπὸ

486 487 525 526 Σ
546 483 642 526 347.
671 482 715 525 ἐν
742 483 778 526 δ’
809 476 863 538 ἶίρ
895 479 1016 538 ὕδωρ
1047 479 1185 537 ἔχεᾶν,
1214 479 1318 525 ὑπὸ.

356 555 590 598 Maximam
620 560 765 596 autem
794 553 1080 597 offensionem
1108 560 1268 609 movet,
1286 554 1402 610 quod
1433 553 1680 596 encliticum

225 643 298 668 πω
327 632 426 669 ante
454 618 545 668 ὑπό
571 624 831 682 productum
861 625 1105 667 invenimus
1143 626 1235 668 ΨἹ.

655 693 714 754 μή
743 693 795 753 δή
822 705 897 740 παῖ
929 696 1001 739 ὑπ’
1032 690 1201 755 ὄχεσφι.

352 768 640 812 Hoffmannus
673 768 718 811 II
755 783 797 825 p.
820 768 902 811 170
940 768 995 811 cf.
1031 784 1072 826 p.
1097 768 1177 812 186
1207 769 1318 811 hanc
1350 769 1679 826 productionem

222 840 266 882 in
294 854 520 882 numerum
553 841 762 882 malarum
791 840 965 896 redigit.
1036 840 1146 883 Tum
1187 834 1276 883 θεά
1320 847 1420 883 ante
1464 837 1552 883 ὑπό
1584 855 1680 897 pro-

222 910 470 955 ductionem
495 911 656 954 vocalis
679 926 707 953 α
736 917 881 954 servat
910 911 964 955 cf.

350 986 403 1024 A
415 982 510 1025 401.
540 976 647 1024 ἀλλὰ
676 979 728 1025 σύ
758 978 835 1025 τόν
864 982 899 1037 γ’
934 981 1141 1037 ἐλθοῦσα,
1166 976 1268 1037 θεά,
1299 979 1532 1033 ὑπελύσας.

351 1054 618 1097 Hoffmanno
651 1055 693 1109 (I
722 1068 764 1111 p.
783 1053 857 1110 63)
884 1060 996 1098 teste
1026 1053 1135 1096 illud
1165 1062 1206 1108 ᾶ,
1247 1053 1363 1110 quod
1401 1053 1517 1096 idem
1549 1053 1679 1107 valet,

222 1125 337 1183 quod
368 1143 406 1183 η,
460 1126 541 1168 hoc
568 1125 664 1168 loco
694 1132 892 1184 excepto,
930 1131 1095 1168 tantum
1128 1128 1173 1167 K
1185 1124 1270 1169 290
1293 1125 1551 1182 producitur
1579 1132 1679 1167 ante

220 1212 369 1241 vocem
410 1213 434 1240 a
474 1198 616 1240 vocali
659 1197 956 1255 incipientem,
1002 1197 1080 1241 sed
1123 1212 1219 1240 cum
1244 1199 1262 1254 j
1293 1197 1339 1239 in
1371 1193 1445 1239 ὅτε
1489 1196 1678 1240 valuisse

223 1276 405 1324 constet,
449 1270 523 1312 ille
565 1270 687 1313 loeus
720 1269 829 1312 nihil
871 1269 1153 1323 demonstrat,
1202 1269 1482 1327 quamobrem
1525 1272 1578 1311 A
1597 1269 1677 1311 401

222 1342 404 1385 multum
433 1341 580 1384 valere
623 1348 728 1400 puto
773 1342 829 1384 ad
873 1341 1044 1384 literam
1087 1342 1325 1397 spirantem
1369 1340 1679 1398 praepositioni

201 1403 307 1455 ῥὑπό
329 1412 645 1455 vindicandam.
675 1413 800 1456 Idem
830 1426 926 1454 esse
954 1418 1093 1454 statuo
1126 1416 1178 1454 Π
1186 1412 1269 1455 438
1290 1403 1319 1467 ἦ
1339 1406 1420 1468 ἤδῆ
1439 1409 1528 1455 ὑπὸ
1545 1411 1686 1468 χερσὶ,

220 1484 292 1542 qui
320 1484 443 1527 loeus
472 1483 612 1527 solum
642 1483 770 1526 offert
799 1483 1048 1541 exemplum
1090 1483 1309 1527 secundae
1349 1483 1541 1539 syllabae
1570 1500 1596 1540 η
1629 1483 1674 1526 in

217 1549 297 1613 ἤδη
326 1562 425 1598 ante
451 1569 605 1598 vocem
647 1571 672 1596 a
713 1556 852 1598 vocali
891 1555 1061 1597 literam
1107 1555 1382 1598 inchoantem
1433 1555 1683 1611 productae.

218 1626 452 1669 Praeterea
479 1626 636 1681 longas
668 1626 842 1668 vocales
871 1632 945 1668 aut
977 1625 1273 1683 diphthongos
1309 1631 1412 1668 ante
1452 1622 1540 1668 ὑπὸ
1581 1640 1681 1683 pro-

220 1698 372 1742 ductas
406 1699 551 1742 inveni
580 1699 741 1741 Λ401.
772 1698 921 1741 Β492.
944 1698 1039 1743 860.
1070 1697 1216 1742 Λ421.
1237 1698 1341 1741 423.
1373 1702 1426 1740 Η
1434 1699 1533 1741 469.
1564 1698 1686 1742 1204

217 1774 269 1815 Λ
279 1770 374 1816 433.
392 1771 485 1816 749.
529 1774 587 1815 M
596 1771 690 1816 250.
734 1775 780 1815 N
787 1770 882 1815 408.
927 1770 1073 1815 0613.
1114 1774 1165 1813 Π
1175 1770 1378 1814 341.699.
1393 1770 1489 1820 848.
1506 1769 1603 1814 861.
1646 1773 1684 1812 Σ

217 1844 283 1887 92.
304 1843 399 1886 390.
430 1846 480 1885 Χ
491 1843 586 1887 200.
618 1844 768 1886 Ω279.

348 1914 501 1970 Itaque
532 1929 630 1957 cum
661 1915 870 1957 metricae
903 1914 1203 1969 difficultates,
1229 1928 1339 1970 quae
1356 1913 1680 1972 praepositione

217 1983 304 2029 ὑπό
335 1992 455 2029 ortae
485 2000 580 2027 esse
608 1985 827 2041 videntur,
859 1991 1027 2028 tantum
1054 2001 1104 2028 ea
1132 2000 1183 2028 re
1211 1991 1530 2040 removeantur,
1560 1984 1679 2040 quod

220 2059 335 2116 apud
366 2058 608 2101 Homerum
640 2058 684 2100 in
709 2057 833 2101 initio
867 2057 994 2101 huius
1024 2058 1143 2101 vocis
1172 2058 1344 2101 literam
1374 2074 1395 2101 s
1423 2058 1519 2101 loco
1551 2057 1678 2117 spiri·

217 2137 285 2174 tus
318 2129 460 2187 asperi
489 2129 677 2172 valuisse
703 2129 942 2185 statuimus,
959 2144 1048 2173 non
1067 2129 1231 2183 dubito,
1251 2130 1356 2186 quin
1375 2143 1427 2172 ea
1448 2131 1679 2183 sententia,

144 2228 148 2232 ·
218 2216 346 2258 quam
382 2201 559 2245 Curtius
590 2215 632 2258 p.
647 2200 727 2244 261
760 2201 842 2244 No.
858 2202 940 2243 392
972 2208 1016 2244 et
1042 2201 1134 2244 Leo
1168 2202 1325 2257 Meyer
1357 2202 1482 2257 (Vgl.
1500 2202 1580 2247 Gr.
1601 2199 1680 2244 des

218 2274 299 2318 Gr.
327 2289 369 2316 u.
397 2273 490 2315 Lat.
512 2272 594 2316 Bd.
613 2272 634 2315 I
663 2289 705 2331 p.
721 2273 796 2328 53)
829 2273 1167 2330 amplectuntur,
1198 2289 1296 2317 cum
1327 2273 1529 2332 spiritum
1556 2288 1679 2332 aspe-

217 2359 312 2388 rum
338 2344 383 2388 in
412 2341 503 2388 ὑπό
534 2359 621 2389 non
652 2359 676 2388 e
706 2344 833 2388 litera
861 2361 894 2399 s,
942 2345 1021 2389 sed
1055 2359 1110 2389 ex
1140 2360 1191 2389 eo
1222 2345 1381 2401 studio,
1427 2360 1512 2402 quo
1544 2362 1568 2388 v
1597 2345 1675 2389 ini-

217 2416 319 2458 tiale
361 2422 533 2472 captum
574 2415 746 2474 spiritui
773 2431 928 2475 aspero
957 2418 1103 2459 favere
1137 2418 1262 2472 solet,
1291 2424 1432 2460 ortum
1453 2432 1550 2461 esse
1578 2419 1676 2471 rati,

218 2504 238 2531 s
269 2487 315 2530 in
343 2489 423 2531 sub
452 2494 618 2531 tantum
636 2488 815 2544 linguae
831 2488 1009 2532 Latinae
1028 2488 1253 2545 proprium
1276 2503 1370 2532 esse
1390 2489 1674 2545 suspicentur,

217 2566 334 2604 certo
366 2566 511 2603 careat
537 2560 839 2604 fundamento.
899 2560 961 2605 Ut
990 2561 1095 2604 mihi
1126 2561 1299 2604 videtur
1327 2561 1415 2603 skr.
1455 2563 1593 2620 „upa“
1633 2568 1678 2606 et

219 2632 440 2677 Graecum
469 2628 557 2675 ὑπό
586 2646 609 2674 e
639 2632 799 2689 „supa“
832 2638 875 2675 et
902 2628 1072 2687 „ovnffl
1103 2632 1318 2689 originem
1344 2633 1576 2677 duxerunt.
1608 2634 1678 2677 De

218 2704 476 2748 sanskritico
495 2704 632 2760 „upa“
655 2703 855 2747 Kuhnius
872 2705 1098 2760 (Ztschrlt.
1116 2705 1200 2747 XV
1220 2721 1261 2762 p.
1277 2705 1378 2761 407)
1396 2705 1511 2748 idem
1527 2706 1672 2759 sentit,

1742 376 1931 470 “L‘Nvtg
