1984 3332
958 163 1036 207 141

274 298 455 326 mannus
488 285 510 327 I
541 298 582 342 p.
596 284 761 328 88-93
789 284 1061 340 attulit,vnon
1090 299 1223 329 unum
1253 285 1468 341 reliquum
1500 290 1577 339 est,
1610 285 1725 342 quod

268 355 408 401 hiatus
436 358 605 401 ratione
633 358 778 401 habita
806 358 919 402 iusta
960 358 1243 401 excusatione
1277 365 1432 400 careat.
1500 357 1725 400 Intellexi-

271 442 387 484 mus,
414 429 576 472 hiatum
606 445 690 473 una
719 445 814 473 cum
845 429 1201 488 productionibus
1234 429 1430 473 brevium
1458 429 1726 487 syllabarum

268 500 395 544 nobis
428 502 657 545 ostendere
687 502 799 545 viam
829 503 1052 558 munitam,
1099 518 1183 559 qua
1224 502 1279 544 ad
1318 502 1605 558 antiquiorem
1648 502 1725 545 lin—

266 586 379 628 guae
411 574 713 617 condicionem
741 573 1009 629 adducimur,
1031 576 1075 618 in
1101 589 1183 630 qua
1205 581 1247 617 et
1267 576 1418 617 literae
1448 574 1663 632 spirantes
1680 575 1725 617 in

267 642 392 687 initio
408 659 560 688 vocum
577 644 771 687 nondum
789 659 813 688 e
831 645 1010 701 linguae
1032 640 1237 689 memoria
1257 653 1537 700 evanuerant,
1565 652 1609 690 et
1637 652 1722 690 ter·

269 716 525 760 minationes
534 717 769 760 firmiorem
789 723 984 759 naturam
999 725 1295 772 servaverant3
1311 725 1440 774 atque
1458 719 1569 761 hanc
1586 719 1721 762 solam

271 786 385 830 viam
431 801 526 830 esse
574 785 804 830 ineundam
836 786 890 829 ad
931 787 1107 829 hiatum·
1133 795 1252 831 recte
1295 788 1600 847 explicandum
1639 790 1724 833 iam

268 858 373 901 inde
404 865 599 916 apparet,
649 859 762 915 quod
801 873 890 902 non
927 874 1152 903 movemur
1187 866 1234 903 ut
1267 860 1352 903 duo
1393 875 1557 917 genera
1584 861 1726 905 hiatus

268 929 400 972 fuisse
430 937 687 985 statuamus3
732 931 1023 975 Hoffmannus
1061 932 1175 974 enim
1213 932 1374 974 hiatum
1421 939 1465 974 et
1511 933 1671 975 iustum
1705 946 1729 974 e

266 999 465 1045 illicitum
493 1002 537 1044 in
580 1002 839 1046 carminibus
888 1002 1132 1046 Homericis
1175 1003 1362 1046 inveniri
1402 1003 1556 1057 firmat,
1598 1018 1726 1060 quam

269 1073 524 1116 sententiam
558 1088 650 1116 non
681 1075 791 1117 bene
823 1072 938 1117 stare
971 1074 1372 1129 demonstravimus,
1411 1090 1509 1118 eum
1551 1074 1725 1118 easdem

267 1157 397 1188 voces
428 1151 558 1200 atque
590 1145 928 1193 terminationes,
961 1159 1071 1201 quae
1099 1146 1144 1186 in
1172 1145 1285 1188 iusto
1320 1146 1436 1188 hiatu
1462 1146 1627 1203 positae
1657 1146 1724 1189 in-

267 1216 516 1270 veniuntur,
549 1217 677 1258 etiam
705 1216 869 1259 hiatum
899 1217 1094 1259 illicitum
1126 1217 1319 1259 effecisse
1347 1217 1598 1259 viderimus.
1630 1218 1721 1259 Ae-

269 1285 398 1341 oedit,
448 1287 560 1342 quod
592 1287 780 1331 maxima
807 1301 909 1344 pars
941 1302 1087 1331 earum
1119 1303 1274 1331 vocum
1319 1302 1551 1344 earumque
1581 1288 1724 1331 termi-

268 1359 502 1413 nationum,
535 1375 645 1416 quae
680 1361 723 1403 in
749 1361 865 1403 hiatu
896 1367 1058 1415 extant,
1101 1361 1229 1402 etiam
1258 1360 1494 1417 productas
1524 1374 1569 1403 se
1601 1375 1723 1418 prae·

267 1436 400 1486 stant,
418 1446 501 1487 qua
518 1446 573 1474 ex
588 1447 636 1475 re
654 1432 700 1474 in
730 1432 904 1488 antiqua
932 1432 1055 1489 epica
1084 1432 1206 1489 poesi
1235 1447 1388 1475 vocum
1418 1432 1724 1475 formationem

271 1503 495 1544 fortiorem
526 1510 655 1560 atque
684 1504 915 1545 firmiorem
957 1503 1090 1546 fuisse
1136 1503 1344 1559 colligere
1383 1504 1602 1546 debemus.
1673 1503 1721 1547 Si

273 1565 514 1631 spectamus
544 1576 598 1619 ad
627 1576 933 1633 productiones
961 1576 1157 1619 brevium
1187 1576 1464 1633 syllabarum,
1500 1577 1725 1619 Duentzer

274 1645 349 1700 (Ν.
384 1647 653 1689 Jahrbizcher
674 1646 761 1705 fiir
782 1647 896 1690 Phil.
930 1648 1021 1689 u-nd
1052 1646 1222 1705 Pc'iday.
1253 1647 1320 1691 95.
1338 1662 1379 1689 u.
1393 1648 1460 1690 96.
1474 1647 1551 1690 Bd.
1567 1647 1672 1690 Heft
1685 1647 1723 1690 6.

274 1734 315 1775 p.
330 1719 570 1775 354—376)
600 1735 746 1763 omnes
775 1719 1082 1777 productiones
1113 1720 1221 1763 arsis
1251 1720 1505 1763 auctoritate
1526 1720 1723 1762 excusari

274 1805 413 1849 nuper
443 1791 743 1835 demonstrare
775 1798 954 1835 conatus
985 1798 1061 1834 est.
1129 1791 1255 1835 Illius
1295 1791 1376 1834 viri
1421 1791 1536 1835 docti
1577 1791 1726 1849 dispu—

274 1862 376 1905 tatio
413 1863 495 1906 iam
527 1870 754 1921 postquam
788 1864 898 1906 hanc
938 1877 1076 1906 meam
1114 1863 1459 1907 dissertationem
1500 1864 1553 1906 ad
1592 1864 1724 1907 finem

273 1935 473 1991 perduxi,
503 1936 603 1978 mihi
635 1937 679 1978 in
706 1944 987 1994 conspectum
1024 1937 1153 1991 venit,
1195 1937 1253 1978 ita
1282 1943 1329 1978 ut
1360 1936 1627 1992 singularum
1656 1951 1727 1978 re-

272 2021 382 2061 rum,
415 2007 468 2050 de
501 2008 655 2064 quibus
684 2009 757 2051 ille
787 2024 827 2052 v.
860 2008 900 2050 d.
931 2009 1035 2065 egit,
1076 2008 1288 2052 rationem
1316 2008 1476 2051 habere
1507 2023 1595 2051 non
1628 2023 1725 2066 pos-

273 2093 376 2122 sem.
428 2079 557 2121 Metri
589 2096 716 2122 causa
745 2087 887 2123 autem
921 2081 1134 2136 syllabam
1164 2081 1341 2123 brevem
1374 2080 1555 2136 produci
1583 2094 1726 2137 posse,

273 2150 316 2193 id
358 2151 473 2206 quod
503 2152 729 2195 Duentzer
773 2152 934 2208 statuit,
981 2167 1108 2208 nego,
1157 2168 1254 2194 cum
1299 2158 1426 2208 poeta
1468 2152 1726 2208 antiquioris

273 2224 419 2279 epicae
447 2238 615 2281 poesos,
657 2224 702 2265 in
745 2225 1032 2280 quaqbrevem
1068 2224 1416 2267 terminationem
1448 2224 1610 2279 longae
1639 2224 1727 2278 syl—

274 2295 395 2337 labae
426 2309 666 2338 mensuram
695 2295 961 2338 obtinentem
994 2296 1252 2350 invenimus,
1290 2310 1383 2337 eam
1418 2295 1594 2349 linguae
1626 2309 1725 2337 con·

273 2366 487 2409 dicionem
518 2368 641 2411 nobis
674 2367 841 2421 offerat,
884 2368 926 2410 in
974 2383 1057 2424 qua
1088 2368 1215 2410 etiam
1256 2381 1330 2409 eae
1361 2366 1571 2422 syllabae,
1614 2380 1724 2421 quae

274 2446 424 2497 postea
459 2454 633 2498 semper
676 2442 833 2483 breves
881 2447 1017 2494 erant,
1064 2439 1348 2496 antiquiorem
1385 2438 1561 2495 linguae
1602 2454 1728 2482 usum

273 2513 463 2557 imitatae
505 2519 549 2556 et
586 2515 739 2569 longas
782 2520 824 2555 et
866 2514 1022 2556 breves
1063 2527 1109 2556 se
1157 2519 1377 2569 praestare
1422 2517 1622 2570 poterant
1650 2512 1727 2567 (cf.

273 2583 367 2630 δύω
397 2610 452 2618 -—-
479 2583 574 2641 δύο)
604 2587 657 2629 cf.
689 2586 909 2629 Rossbach
943 2602 983 2629 u.
1013 2586 1263 2644 Westphal.
1295 2585 1485 2628 Men-,11
1520 2600 1560 2642 p.
1573 2584 1650 2627 281
1671 2599 1727 2627 ss.

273 2659 343 2702 De
369 2654 450 2700 hac
476 2658 664 2700 re-nihil
698 2657 813 2699 aliud
845 2657 1120 2700 iudicandum
1155 2664 1232 2710 est,
1276 2674 1324 2700 ac
1363 2659 1416 2700 de
1457 2671 1504 2698 re
1536 2657 1727 2710 metrica,

274 2731 412 2786 qualis
453 2738 517 2773 est
557 2730 669 2788 apud
711 2731 923 2785 Plautum,
972 2745 1116 2787 quem,
1160 2731 1409 2788 priusquam
1447 2729 1728 2785 grammatica
