<?xml version="1.0" encoding="UTF-8"?>
<!DOCTYPE html PUBLIC "-//W3C//DTD XHTML 1.0 Transitional//EN"
    "http://www.w3.org/TR/xhtml1/DTD/xhtml1-transitional.dtd">
<html xmlns="http://www.w3.org/1999/xhtml" xml:lang="en" lang="en">
 <head>
  <title>
</title>
<meta http-equiv="Content-Type" content="text/html;charset=utf-8" />
  <meta name='ocr-system' content='tesseract 3.04.00' />
  <meta name='ocr-capabilities' content='ocr_page ocr_carea ocr_par ocr_line ocrx_word'/>
</head>
<body>
  <div class='ocr_page' id='page_1' title='image "4626079_0066.png"; bbox 0 0 1984 3332; ppageno 0'>
   <div class='ocr_carea' id='block_1_1' title="bbox 859 123 995 174">
    <p class='ocr_par' dir='ltr' id='par_1_1' title="bbox 859 123 995 174">
     <span class='ocr_line' id='line_1_1' title="bbox 859 123 995 174; baseline 0 0"><span class='ocrx_word' id='word_1_1' title='bbox 859 123 995 174; x_wconf 76' lang='lat'><strong>&#39;55</strong></span> 
     </span>
    </p>
   </div>
   <div class='ocr_carea' id='block_1_2' title="bbox 233 252 1697 2315">
    <p class='ocr_par' dir='ltr' id='par_1_2' title="bbox 233 252 1697 2315">
     <span class='ocr_line' id='line_1_2' title="bbox 236 252 1691 304; baseline -0.004 -3"><span class='ocrx_word' id='word_1_2' title='bbox 236 262 294 301; x_wconf 90' lang='lat' dir='ltr'><strong><em>M</em></strong></span> <span class='ocrx_word' id='word_1_3' title='bbox 321 258 413 301; x_wconf 86' lang='lat'><strong>146.</strong></span> <span class='ocrx_word' id='word_1_4' title='bbox 443 259 538 302; x_wconf 88' lang='lat'><strong>385.</strong></span> <span class='ocrx_word' id='word_1_5' title='bbox 585 262 633 301; x_wconf 90' lang='grc' dir='ltr'><strong><em>Ν</em></strong></span> <span class='ocrx_word' id='word_1_6' title='bbox 654 258 749 301; x_wconf 89' lang='grc'><strong>357.</strong></span> <span class='ocrx_word' id='word_1_7' title='bbox 780 258 873 299; x_wconf 88' lang='grc'><strong>754.</strong></span> <span class='ocrx_word' id='word_1_8' title='bbox 912 256 1062 304; x_wconf 60' lang='lat'><strong>5136.</strong></span> <span class='ocrx_word' id='word_1_9' title='bbox 1107 255 1257 298; x_wconf 90' lang='grc'><strong>0237.</strong></span> <span class='ocrx_word' id='word_1_10' title='bbox 1272 254 1368 296; x_wconf 90' lang='grc'><strong>586.</strong></span> <span class='ocrx_word' id='word_1_11' title='bbox 1394 253 1489 295; x_wconf 87' lang='grc'><strong>592.</strong></span> <span class='ocrx_word' id='word_1_12' title='bbox 1535 256 1587 294; x_wconf 93' lang='grc' dir='ltr'><em>Π</em></span> <span class='ocrx_word' id='word_1_13' title='bbox 1595 252 1691 295; x_wconf 90' lang='grc'><strong>259.</strong></span> 
     </span>
     <span class='ocr_line' id='line_1_3' title="bbox 234 324 1691 375; baseline -0.005 -1"><span class='ocrx_word' id='word_1_14' title='bbox 234 330 331 375; x_wconf 89' lang='grc'><strong>582.</strong></span> <span class='ocrx_word' id='word_1_15' title='bbox 360 331 453 375; x_wconf 89' lang='grc'><strong>742.</strong></span> <span class='ocrx_word' id='word_1_16' title='bbox 508 334 548 375; x_wconf 91' lang='grc' dir='ltr'><em>Ρ</em></span> <span class='ocrx_word' id='word_1_17' title='bbox 570 330 666 375; x_wconf 85' lang='grc'><strong>323.</strong></span> <span class='ocrx_word' id='word_1_18' title='bbox 696 330 789 374; x_wconf 84' lang='grc'><strong>725.</strong></span> <span class='ocrx_word' id='word_1_19' title='bbox 850 333 891 373; x_wconf 85' lang='grc' dir='ltr'><em>Φ</em></span> <span class='ocrx_word' id='word_1_20' title='bbox 916 329 1013 373; x_wconf 90' lang='lat'><strong>464.</strong></span> <span class='ocrx_word' id='word_1_21' title='bbox 1043 327 1138 371; x_wconf 88' lang='grc'>600.</span> <span class='ocrx_word' id='word_1_22' title='bbox 1194 329 1238 370; x_wconf 99' lang='grc' dir='ltr'>Ψ</span> <span class='ocrx_word' id='word_1_23' title='bbox 1258 325 1353 369; x_wconf 88' lang='grc'><strong>430.</strong></span> <span class='ocrx_word' id='word_1_24' title='bbox 1411 326 1453 368; x_wconf 83' lang='grc' dir='ltr'><em>Ω</em></span> <span class='ocrx_word' id='word_1_25' title='bbox 1479 324 1575 367; x_wconf 91' lang='grc'><strong>347.</strong></span> <span class='ocrx_word' id='word_1_26' title='bbox 1604 339 1691 367; x_wconf 87' lang='grc' dir='ltr'><em>πει-</em></span> 
     </span>
     <span class='ocr_line' id='line_1_4' title="bbox 235 396 1697 448; baseline -0.005 -2"><span class='ocrx_word' id='word_1_27' title='bbox 235 405 334 447; x_wconf 84' lang='grc' dir='ltr'><strong>κυῖα</strong></span> <span class='ocrx_word' id='word_1_28' title='bbox 374 408 415 446; x_wconf 92' lang='grc' dir='ltr'>Γ</span> <span class='ocrx_word' id='word_1_29' title='bbox 437 404 532 447; x_wconf 88' lang='grc'><strong>386.</strong></span> <span class='ocrx_word' id='word_1_30' title='bbox 616 407 659 448; x_wconf 99' lang='lat' dir='ltr'><em>A</em></span> <span class='ocrx_word' id='word_1_31' title='bbox 695 404 762 447; x_wconf 83' lang='lat'><strong>78.</strong></span> <span class='ocrx_word' id='word_1_32' title='bbox 836 407 878 445; x_wconf 95' lang='grc' dir='ltr'><em>Ζ</em></span> <span class='ocrx_word' id='word_1_33' title='bbox 901 402 997 445; x_wconf 88' lang='lat'><strong>389.</strong></span> <span class='ocrx_word' id='word_1_34' title='bbox 1071 403 1110 444; x_wconf 88' lang='grc' dir='ltr'><em>Θ</em></span> <span class='ocrx_word' id='word_1_35' title='bbox 1135 400 1231 444; x_wconf 87' lang='grc'><strong>305.</strong></span> <span class='ocrx_word' id='word_1_36' title='bbox 1306 403 1333 442; x_wconf 96' lang='grc' dir='ltr'><em>Ι</em></span> <span class='ocrx_word' id='word_1_37' title='bbox 1358 398 1453 442; x_wconf 88' lang='grc'><strong>399.</strong></span> <span class='ocrx_word' id='word_1_38' title='bbox 1525 399 1578 439; x_wconf 94' lang='grc' dir='ltr'><em>Λ</em></span> <span class='ocrx_word' id='word_1_39' title='bbox 1602 396 1697 440; x_wconf 87' lang='grc'><strong>638.</strong></span> 
     </span>
     <span class='ocr_line' id='line_1_5' title="bbox 241 469 1695 525; baseline -0.006 -6"><span class='ocrx_word' id='word_1_40' title='bbox 241 480 284 519; x_wconf 91' lang='lat' dir='ltr'><em>T</em></span> <span class='ocrx_word' id='word_1_41' title='bbox 308 477 402 520; x_wconf 83' lang='lat'><strong>286.</strong></span> <span class='ocrx_word' id='word_1_42' title='bbox 431 476 525 520; x_wconf 88' lang='lat'><strong>350.</strong></span> <span class='ocrx_word' id='word_1_43' title='bbox 582 479 632 518; x_wconf 95' lang='lat' dir='ltr'><em>X</em></span> <span class='ocrx_word' id='word_1_44' title='bbox 658 475 752 518; x_wconf 88' lang='lat'><strong>151.</strong></span> <span class='ocrx_word' id='word_1_45' title='bbox 781 474 874 517; x_wconf 84' lang='lat'><strong>227.</strong></span> <span class='ocrx_word' id='word_1_46' title='bbox 940 475 984 515; x_wconf 91' lang='grc' dir='ltr'>Ψ</span> <span class='ocrx_word' id='word_1_47' title='bbox 1005 472 1072 515; x_wconf 89' lang='grc'><strong>66.</strong></span> <span class='ocrx_word' id='word_1_48' title='bbox 1130 470 1344 514; x_wconf 83' lang='grc' dir='ltr'><em>πεποίκειν</em></span> <span class='ocrx_word' id='word_1_49' title='bbox 1373 469 1593 525; x_wconf 69' lang='lat' dir='ltr'><strong>(Bekkem</strong></span> <span class='ocrx_word' id='word_1_50' title='bbox 1625 484 1695 511; x_wconf 87' lang='grc' dir='ltr'><strong>πε-</strong></span> 
     </span>
     <span class='ocr_line' id='line_1_6' title="bbox 235 539 1692 604; baseline -0.006 -14"><span class='ocrx_word' id='word_1_51' title='bbox 235 543 407 604; x_wconf 82' lang='grc' dir='ltr'><em>πῴκειν)</em></span> <span class='ocrx_word' id='word_1_52' title='bbox 438 550 479 589; x_wconf 93' lang='grc' dir='ltr'><strong><em>Β</em></strong></span> <span class='ocrx_word' id='word_1_53' title='bbox 506 546 575 588; x_wconf 89' lang='grc'><strong>58.</strong></span> <span class='ocrx_word' id='word_1_54' title='bbox 644 545 688 592; x_wconf 81' lang='grc' dir='ltr'><em>Ξ</em></span> <span class='ocrx_word' id='word_1_55' title='bbox 709 545 806 587; x_wconf 86' lang='grc'><strong>474.</strong></span> <span class='ocrx_word' id='word_1_56' title='bbox 876 547 915 586; x_wconf 99' lang='grc' dir='ltr'><em>Σ</em></span> <span class='ocrx_word' id='word_1_57' title='bbox 938 543 1034 586; x_wconf 86' lang='grc'><strong>548.</strong></span> <span class='ocrx_word' id='word_1_58' title='bbox 1102 544 1143 584; x_wconf 90' lang='grc' dir='ltr'><strong>Ω</strong></span> <span class='ocrx_word' id='word_1_59' title='bbox 1170 542 1264 585; x_wconf 89' lang='grc'><strong>630.</strong></span> <span class='ocrx_word' id='word_1_60' title='bbox 1330 545 1378 583; x_wconf 91' lang='grc' dir='ltr'><strong><em>Ν</em></strong></span> <span class='ocrx_word' id='word_1_61' title='bbox 1409 540 1489 582; x_wconf 91' lang='grc'><strong>102</strong></span> <span class='ocrx_word' id='word_1_62' title='bbox 1522 539 1580 592; x_wconf 89' lang='grc'><strong>(3.</strong></span> <span class='ocrx_word' id='word_1_63' title='bbox 1610 539 1692 596; x_wconf 90' lang='lat' dir='ltr'><strong>pl.)</strong></span> 
     </span>
     <span class='ocr_line' id='line_1_7' title="bbox 236 610 1687 670; baseline -0.006 -9"><span class='ocrx_word' id='word_1_64' title='bbox 236 615 383 661; x_wconf 60' lang='grc' dir='ltr'><strong><em>ἓὶτικτο</em></strong></span> <span class='ocrx_word' id='word_1_65' title='bbox 419 619 463 658; x_wconf 88' lang='grc' dir='ltr'>Ψ</span> <span class='ocrx_word' id='word_1_66' title='bbox 486 617 579 659; x_wconf 89' lang='grc'><strong>107.</strong></span> <span class='ocrx_word' id='word_1_67' title='bbox 636 615 836 670; x_wconf 82' lang='grc' dir='ltr'><em>πεπίκτην</em></span> <span class='ocrx_word' id='word_1_68' title='bbox 865 617 906 656; x_wconf 85' lang='grc' dir='ltr'><em>Φ</em></span> <span class='ocrx_word' id='word_1_69' title='bbox 933 613 1029 656; x_wconf 86' lang='grc'><strong>285.</strong></span> <span class='ocrx_word' id='word_1_70' title='bbox 1095 615 1139 655; x_wconf 88' lang='grc' dir='ltr'>Ψ</span> <span class='ocrx_word' id='word_1_71' title='bbox 1161 612 1258 658; x_wconf 91' lang='grc'><strong>379.</strong></span> <span class='ocrx_word' id='word_1_72' title='bbox 1310 610 1506 662; x_wconf 82' lang='grc' dir='ltr'><em>πείκελος</em></span> <span class='ocrx_word' id='word_1_73' title='bbox 1535 613 1578 654; x_wconf 93' lang='lat' dir='ltr'><em>A</em></span> <span class='ocrx_word' id='word_1_74' title='bbox 1591 611 1687 653; x_wconf 90' lang='grc'><strong>253.</strong></span> 
     </span>
     <span class='ocr_line' id='line_1_8' title="bbox 236 682 1685 732; baseline -0.006 0"><span class='ocrx_word' id='word_1_75' title='bbox 236 693 284 732; x_wconf 92' lang='grc' dir='ltr'><strong>Ν</strong></span> <span class='ocrx_word' id='word_1_76' title='bbox 301 689 369 731; x_wconf 87' lang='lat'><strong>53.</strong></span> <span class='ocrx_word' id='word_1_77' title='bbox 398 687 493 730; x_wconf 90' lang='lat'><strong>330.</strong></span> <span class='ocrx_word' id='word_1_78' title='bbox 523 686 618 729; x_wconf 85' lang='lat'><strong>688.</strong></span> <span class='ocrx_word' id='word_1_79' title='bbox 663 684 706 731; x_wconf 83' lang='grc' dir='ltr'><em>Ξ</em></span> <span class='ocrx_word' id='word_1_80' title='bbox 719 684 815 726; x_wconf 89' lang='grc'><strong>386.</strong></span> <span class='ocrx_word' id='word_1_81' title='bbox 861 687 901 726; x_wconf 87' lang='grc' dir='ltr'><em>Ρ</em></span> <span class='ocrx_word' id='word_1_82' title='bbox 922 684 990 726; x_wconf 92' lang='grc'><strong>88.</strong></span> <span class='ocrx_word' id='word_1_83' title='bbox 1019 683 1115 725; x_wconf 88' lang='grc'><strong>281.</strong></span> <span class='ocrx_word' id='word_1_84' title='bbox 1158 685 1198 723; x_wconf 88' lang='grc' dir='ltr'><em>Σ</em></span> <span class='ocrx_word' id='word_1_85' title='bbox 1212 682 1305 724; x_wconf 89' lang='lat'><strong>154.</strong></span> <span class='ocrx_word' id='word_1_86' title='bbox 1358 682 1506 724; x_wconf 85' lang='lat' dir='ltr'><strong>Y423.</strong></span> <span class='ocrx_word' id='word_1_87' title='bbox 1539 686 1589 724; x_wconf 91' lang='lat' dir='ltr'><em>X</em></span> <span class='ocrx_word' id='word_1_88' title='bbox 1605 682 1685 724; x_wconf 88' lang='grc'><strong>134</strong></span> 
     </span>
     <span class='ocr_line' id='line_1_9' title="bbox 234 752 1692 810; baseline -0.005 -6"><span class='ocrx_word' id='word_1_89' title='bbox 234 758 514 810; x_wconf 77' lang='grc' dir='ltr'><em>θεοπείκελος</em></span> <span class='ocrx_word' id='word_1_90' title='bbox 553 759 606 799; x_wconf 90' lang='grc' dir='ltr'><em>Λ</em></span> <span class='ocrx_word' id='word_1_91' title='bbox 634 756 728 799; x_wconf 93' lang='grc'><strong>131.</strong></span> <span class='ocrx_word' id='word_1_92' title='bbox 774 759 816 798; x_wconf 90' lang='grc' dir='ltr'><em>Τ</em></span> <span class='ocrx_word' id='word_1_93' title='bbox 841 754 934 797; x_wconf 88' lang='grc'><strong>155.</strong></span> <span class='ocrx_word' id='word_1_94' title='bbox 977 752 1148 804; x_wconf 83' lang='grc' dir='ltr'><em>πίκελος</em></span> <span class='ocrx_word' id='word_1_95' title='bbox 1181 752 1301 797; x_wconf 89' lang='grc' dir='ltr'><strong>Δ86.</strong></span> <span class='ocrx_word' id='word_1_96' title='bbox 1344 753 1489 797; x_wconf 89' lang='grc' dir='ltr'><strong>Ε45Ο.</strong></span> <span class='ocrx_word' id='word_1_97' title='bbox 1534 754 1692 798; x_wconf 84' lang='grc' dir='ltr'><strong>Λ467.</strong></span> 
     </span>
     <span class='ocr_line' id='line_1_10' title="bbox 234 825 1690 882; baseline -0.005 -8"><span class='ocrx_word' id='word_1_98' title='bbox 234 835 285 874; x_wconf 92' lang='grc' dir='ltr'><em>Π</em></span> <span class='ocrx_word' id='word_1_99' title='bbox 306 832 372 874; x_wconf 92' lang='grc'><strong>11.</strong></span> <span class='ocrx_word' id='word_1_100' title='bbox 402 834 441 872; x_wconf 95' lang='grc' dir='ltr'><em>Σ</em></span> <span class='ocrx_word' id='word_1_101' title='bbox 455 831 551 872; x_wconf 90' lang='grc'><strong>591.</strong></span> <span class='ocrx_word' id='word_1_102' title='bbox 596 829 720 870; x_wconf 90' lang='grc' dir='ltr'><strong>Ω80.</strong></span> <span class='ocrx_word' id='word_1_103' title='bbox 751 827 845 869; x_wconf 88' lang='grc'><strong>699.</strong></span> <span class='ocrx_word' id='word_1_104' title='bbox 877 826 978 879; x_wconf 86' lang='grc'><strong>758;</strong></span> <span class='ocrx_word' id='word_1_105' title='bbox 1008 831 1263 882; x_wconf 84' lang='lat' dir='ltr'><strong>aspernatur</strong></span> <span class='ocrx_word' id='word_1_106' title='bbox 1291 825 1510 880; x_wconf 82' lang='lat' dir='ltr'><strong>digamma</strong></span> <span class='ocrx_word' id='word_1_107' title='bbox 1543 825 1690 867; x_wconf 82' lang='lat' dir='ltr'><strong>T282.</strong></span> 
     </span>
     <span class='ocr_line' id='line_1_11' title="bbox 235 894 1695 957; baseline -0.002 -12"><span class='ocrx_word' id='word_1_108' title='bbox 235 896 476 953; x_wconf 73' lang='grc' dir='ltr'><em>ἄπεικέλιος</em></span> <span class='ocrx_word' id='word_1_109' title='bbox 504 900 548 949; x_wconf 83' lang='grc' dir='ltr'><em>Ξ</em></span> <span class='ocrx_word' id='word_1_110' title='bbox 560 901 615 944; x_wconf 88' lang='grc'><strong>84</strong></span> <span class='ocrx_word' id='word_1_111' title='bbox 643 894 868 957; x_wconf 78' lang='grc' dir='ltr'><em>ἆπεκήλιος</em></span> <span class='ocrx_word' id='word_1_112' title='bbox 893 902 933 942; x_wconf 95' lang='grc' dir='ltr'><em>Σ</em></span> <span class='ocrx_word' id='word_1_113' title='bbox 949 900 1020 954; x_wconf 82' lang='grc'><strong>77;</strong></span> <span class='ocrx_word' id='word_1_114' title='bbox 1064 899 1278 942; x_wconf 81' lang='lat' dir='ltr'><strong>accedunt</strong></span> <span class='ocrx_word' id='word_1_115' title='bbox 1320 899 1360 941; x_wconf 90' lang='lat' dir='ltr'><strong>ei</strong></span> <span class='ocrx_word' id='word_1_116' title='bbox 1398 898 1497 953; x_wconf 85' lang='lat' dir='ltr'><strong>loci,</strong></span> <span class='ocrx_word' id='word_1_117' title='bbox 1540 899 1695 956; x_wconf 88' lang='lat' dir='ltr'><strong>quibus</strong></span> 
     </span>
     <span class='ocr_line' id='line_1_12' title="bbox 234 966 1681 1030; baseline -0.003 -13"><span class='ocrx_word' id='word_1_118' title='bbox 234 975 421 1030; x_wconf 72' lang='lat' dir='ltr'><strong>legiturz</strong></span> <span class='ocrx_word' id='word_1_119' title='bbox 462 968 647 1030; x_wconf 82' lang='grc' dir='ltr'><em>ἆπεικής,</em></span> <span class='ocrx_word' id='word_1_120' title='bbox 675 969 909 1027; x_wconf 52' lang='grc' dir='ltr'><em>ἒπιπεικτζς,</em></span> <span class='ocrx_word' id='word_1_121' title='bbox 938 967 1111 1025; x_wconf 81' lang='grc' dir='ltr'><em>ἅπικῶς,</em></span> <span class='ocrx_word' id='word_1_122' title='bbox 1141 966 1355 1025; x_wconf 81' lang='grc' dir='ltr'><strong>ἅπεικίζω.</strong></span> <span class='ocrx_word' id='word_1_123' title='bbox 1392 971 1588 1014; x_wconf 79' lang='grc' dir='ltr'><em>πέποικεν</em></span> <span class='ocrx_word' id='word_1_124' title='bbox 1617 972 1681 1013; x_wconf 90' lang='lat' dir='ltr'><strong>di-</strong></span> 
     </span>
     <span class='ocr_line' id='line_1_13' title="bbox 233 1043 1689 1101; baseline -0.001 -14"><span class='ocrx_word' id='word_1_125' title='bbox 233 1061 409 1101; x_wconf 82' lang='lat' dir='ltr'><strong>gamma</strong></span> <span class='ocrx_word' id='word_1_126' title='bbox 453 1045 619 1087; x_wconf 87' lang='lat' dir='ltr'><strong>initiale</strong></span> <span class='ocrx_word' id='word_1_127' title='bbox 666 1050 924 1101; x_wconf 80' lang='lat' dir='ltr'><strong>aspernatur</strong></span> <span class='ocrx_word' id='word_1_128' title='bbox 968 1046 1009 1085; x_wconf 94' lang='lat' dir='ltr'><em>B</em></span> <span class='ocrx_word' id='word_1_129' title='bbox 1036 1043 1132 1086; x_wconf 88' lang='grc'><strong>233.</strong></span> <span class='ocrx_word' id='word_1_130' title='bbox 1186 1047 1226 1085; x_wconf 94' lang='grc' dir='ltr'><strong>Γ</strong></span> <span class='ocrx_word' id='word_1_131' title='bbox 1248 1043 1344 1085; x_wconf 90' lang='grc'><strong>286.</strong></span> <span class='ocrx_word' id='word_1_132' title='bbox 1374 1043 1470 1085; x_wconf 87' lang='lat'><strong>459.</strong></span> <span class='ocrx_word' id='word_1_133' title='bbox 1528 1045 1572 1086; x_wconf 88' lang='lat' dir='ltr'><em>A</em></span> <span class='ocrx_word' id='word_1_134' title='bbox 1594 1043 1689 1086; x_wconf 89' lang='grc'><strong>286.</strong></span> 
     </span>
     <span class='ocr_line' id='line_1_14' title="bbox 241 1112 1692 1169; baseline -0.002 -10"><span class='ocrx_word' id='word_1_135' title='bbox 241 1117 395 1159; x_wconf 84' lang='grc' dir='ltr'><strong>Υ371.</strong></span> <span class='ocrx_word' id='word_1_136' title='bbox 424 1116 519 1158; x_wconf 89' lang='grc'><strong>372.</strong></span> <span class='ocrx_word' id='word_1_137' title='bbox 583 1119 623 1157; x_wconf 86' lang='grc' dir='ltr'><em>Φ</em></span> <span class='ocrx_word' id='word_1_138' title='bbox 650 1115 744 1158; x_wconf 90' lang='grc'><strong>379.</strong></span> <span class='ocrx_word' id='word_1_139' title='bbox 809 1116 853 1157; x_wconf 91' lang='grc' dir='ltr'>Ψ</span> <span class='ocrx_word' id='word_1_140' title='bbox 874 1114 973 1169; x_wconf 87' lang='grc'><strong>649;</strong></span> <span class='ocrx_word' id='word_1_141' title='bbox 1021 1113 1226 1169; x_wconf 79' lang='lat' dir='ltr'><strong>idemque</strong></span> <span class='ocrx_word' id='word_1_142' title='bbox 1269 1120 1335 1156; x_wconf 87' lang='lat' dir='ltr'><strong>est</strong></span> <span class='ocrx_word' id='word_1_143' title='bbox 1378 1113 1424 1155; x_wconf 90' lang='lat' dir='ltr'><strong>in</strong></span> <span class='ocrx_word' id='word_1_144' title='bbox 1465 1112 1692 1157; x_wconf 79' lang='grc' dir='ltr'><em>ἐπέποικεν</em></span> 
     </span>
     <span class='ocr_line' id='line_1_15' title="bbox 236 1184 1693 1246; baseline -0.002 -15"><span class='ocrx_word' id='word_1_145' title='bbox 236 1188 348 1246; x_wconf 88' lang='lat' dir='ltr'><strong>quod</strong></span> <span class='ocrx_word' id='word_1_146' title='bbox 374 1188 509 1230; x_wconf 86' lang='lat' dir='ltr'><strong>habes</strong></span> <span class='ocrx_word' id='word_1_147' title='bbox 538 1189 592 1229; x_wconf 89' lang='lat' dir='ltr'><em>A</em></span> <span class='ocrx_word' id='word_1_148' title='bbox 618 1186 710 1229; x_wconf 89' lang='grc'><strong>126.</strong></span> <span class='ocrx_word' id='word_1_149' title='bbox 746 1188 790 1229; x_wconf 99' lang='lat' dir='ltr'><em>A</em></span> <span class='ocrx_word' id='word_1_150' title='bbox 812 1186 906 1229; x_wconf 86' lang='lat'><strong>341.</strong></span> <span class='ocrx_word' id='word_1_151' title='bbox 936 1185 1070 1229; x_wconf 84' lang='lat'><strong>1392.</strong></span> <span class='ocrx_word' id='word_1_152' title='bbox 1099 1189 1151 1228; x_wconf 92' lang='grc' dir='ltr'><em>Χ</em></span> <span class='ocrx_word' id='word_1_153' title='bbox 1176 1185 1241 1227; x_wconf 92' lang='grc'><strong>71.</strong></span> <span class='ocrx_word' id='word_1_154' title='bbox 1281 1184 1441 1240; x_wconf 84' lang='grc' dir='ltr'><strong>Ω595;</strong></span> <span class='ocrx_word' id='word_1_155' title='bbox 1490 1184 1693 1228; x_wconf 89' lang='lat' dir='ltr'><strong>omnibus</strong></span> 
     </span>
     <span class='ocr_line' id='line_1_16' title="bbox 233 1255 1695 1313; baseline -0.002 -12"><span class='ocrx_word' id='word_1_156' title='bbox 233 1259 303 1302; x_wconf 85' lang='lat' dir='ltr'><strong>his</strong></span> <span class='ocrx_word' id='word_1_157' title='bbox 329 1259 437 1302; x_wconf 87' lang='lat' dir='ltr'><strong>loeis</strong></span> <span class='ocrx_word' id='word_1_158' title='bbox 469 1259 699 1301; x_wconf 88' lang='lat' dir='ltr'><strong>Bekkerus</strong></span> <span class='ocrx_word' id='word_1_159' title='bbox 726 1259 836 1313; x_wconf 86' lang='lat' dir='ltr'><strong>legit</strong></span> <span class='ocrx_word' id='word_1_160' title='bbox 865 1255 1035 1301; x_wconf 79' lang='grc' dir='ltr'><em>ἔποικεν</em></span> <span class='ocrx_word' id='word_1_161' title='bbox 1067 1264 1110 1299; x_wconf 91' lang='lat' dir='ltr'><strong>et</strong></span> <span class='ocrx_word' id='word_1_162' title='bbox 1140 1256 1379 1300; x_wconf 78' lang='grc' dir='ltr'><em>ἐπέποικεν.</em></span> <span class='ocrx_word' id='word_1_163' title='bbox 1432 1256 1545 1300; x_wconf 84' lang='lat' dir='ltr'><strong>Cum</strong></span> <span class='ocrx_word' id='word_1_164' title='bbox 1577 1257 1695 1299; x_wconf 87' lang='lat' dir='ltr'><strong>enim</strong></span> 
     </span>
     <span class='ocr_line' id='line_1_17' title="bbox 238 1325 1692 1386; baseline -0.002 -11"><span class='ocrx_word' id='word_1_165' title='bbox 238 1345 261 1375; x_wconf 92' lang='lat' dir='ltr'><strong>e</strong></span> <span class='ocrx_word' id='word_1_166' title='bbox 290 1331 428 1374; x_wconf 87' lang='lat' dir='ltr'><strong>forma</strong></span> <span class='ocrx_word' id='word_1_167' title='bbox 459 1325 588 1381; x_wconf 80' lang='grc' dir='ltr'><strong><em>εἰκώς</em></strong></span> <span class='ocrx_word' id='word_1_168' title='bbox 611 1329 808 1386; x_wconf 85' lang='lat' dir='ltr'><strong>colligat,</strong></span> <span class='ocrx_word' id='word_1_169' title='bbox 846 1344 868 1372; x_wconf 88' lang='grc' dir='ltr'><em>ε</em></span> <span class='ocrx_word' id='word_1_170' title='bbox 897 1328 943 1371; x_wconf 90' lang='lat' dir='ltr'><strong>in</strong></span> <span class='ocrx_word' id='word_1_171' title='bbox 978 1326 1146 1372; x_wconf 69' lang='grc' dir='ltr'><em>ἔποικεν</em></span> <span class='ocrx_word' id='word_1_172' title='bbox 1172 1327 1526 1386; x_wconf 87' lang='lat' dir='ltr'><strong>reduplicationis</strong></span> <span class='ocrx_word' id='word_1_173' title='bbox 1561 1328 1692 1385; x_wconf 88' lang='lat' dir='ltr'><strong>sylla·</strong></span> 
     </span>
     <span class='ocr_line' id='line_1_18' title="bbox 235 1400 1685 1458; baseline -0.001 -14"><span class='ocrx_word' id='word_1_174' title='bbox 235 1404 318 1444; x_wconf 91' lang='lat' dir='ltr'><strong>bae</strong></span> <span class='ocrx_word' id='word_1_175' title='bbox 350 1415 529 1443; x_wconf 87' lang='lat' dir='ltr'><strong>munere</strong></span> <span class='ocrx_word' id='word_1_176' title='bbox 546 1416 636 1443; x_wconf 91' lang='lat' dir='ltr'><strong>non</strong></span> <span class='ocrx_word' id='word_1_177' title='bbox 650 1401 776 1455; x_wconf 84' lang='lat' dir='ltr'><strong>fungi</strong></span> <span class='ocrx_word' id='word_1_178' title='bbox 796 1401 874 1442; x_wconf 90' lang='lat' dir='ltr'><strong>sed</strong></span> <span class='ocrx_word' id='word_1_179' title='bbox 888 1401 1202 1458; x_wconf 88' lang='lat' dir='ltr'><strong>prosthetieum</strong></span> <span class='ocrx_word' id='word_1_180' title='bbox 1219 1414 1314 1442; x_wconf 90' lang='lat' dir='ltr'><strong>esse</strong></span> <span class='ocrx_word' id='word_1_181' title='bbox 1334 1400 1685 1452; x_wconf 85' lang='lat' dir='ltr'><strong>existimandum,</strong></span> 
     </span>
     <span class='ocr_line' id='line_1_19' title="bbox 235 1471 1687 1528; baseline 0 -13"><span class='ocrx_word' id='word_1_182' title='bbox 235 1473 419 1516; x_wconf 82' lang='lat' dir='ltr'><strong>alterum</strong></span> <span class='ocrx_word' id='word_1_183' title='bbox 448 1472 667 1528; x_wconf 84' lang='lat' dir='ltr'><strong>digamma</strong></span> <span class='ocrx_word' id='word_1_184' title='bbox 696 1471 886 1515; x_wconf 83' lang='lat' dir='ltr'><strong>servavit</strong></span> <span class='ocrx_word' id='word_1_185' title='bbox 914 1472 969 1515; x_wconf 86' lang='lat' dir='ltr'><strong>ef.</strong></span> <span class='ocrx_word' id='word_1_186' title='bbox 986 1471 1116 1514; x_wconf 91' lang='lat' dir='ltr'><strong>Hom.</strong></span> <span class='ocrx_word' id='word_1_187' title='bbox 1148 1471 1216 1514; x_wconf 89' lang='lat' dir='ltr'><strong>Bl.</strong></span> <span class='ocrx_word' id='word_1_188' title='bbox 1244 1485 1285 1528; x_wconf 92' lang='lat' dir='ltr'><strong>p.</strong></span> <span class='ocrx_word' id='word_1_189' title='bbox 1305 1471 1398 1514; x_wconf 90' lang='grc'><strong>136.</strong></span> <span class='ocrx_word' id='word_1_190' title='bbox 1426 1471 1552 1515; x_wconf 86' lang='lat' dir='ltr'><strong>Hanc</strong></span> <span class='ocrx_word' id='word_1_191' title='bbox 1572 1472 1687 1515; x_wconf 90' lang='lat' dir='ltr'><strong>Bek-</strong></span> 
     </span>
     <span class='ocr_line' id='line_1_20' title="bbox 236 1537 1686 1600; baseline -0.001 -13"><span class='ocrx_word' id='word_1_192' title='bbox 236 1544 333 1587; x_wconf 89' lang='lat' dir='ltr'><strong>keri</strong></span> <span class='ocrx_word' id='word_1_193' title='bbox 362 1543 621 1587; x_wconf 77' lang='lat' dir='ltr'><strong>sententiam</strong></span> <span class='ocrx_word' id='word_1_194' title='bbox 654 1544 786 1586; x_wconf 89' lang='lat' dir='ltr'><strong>verbo</strong></span> <span class='ocrx_word' id='word_1_195' title='bbox 820 1537 932 1597; x_wconf 82' lang='grc' dir='ltr'><em>οἶδα,</em></span> <span class='ocrx_word' id='word_1_196' title='bbox 958 1539 1086 1594; x_wconf 76' lang='grc' dir='ltr'><em>εἰδώς</em></span> <span class='ocrx_word' id='word_1_197' title='bbox 1122 1542 1285 1587; x_wconf 86' lang='lat' dir='ltr'><strong>firmari</strong></span> <span class='ocrx_word' id='word_1_198' title='bbox 1324 1557 1414 1586; x_wconf 92' lang='lat' dir='ltr'><strong>non</strong></span> <span class='ocrx_word' id='word_1_199' title='bbox 1444 1557 1574 1600; x_wconf 83' lang='lat' dir='ltr'><strong>posse</strong></span> <span class='ocrx_word' id='word_1_200' title='bbox 1612 1543 1686 1587; x_wconf 88' lang='lat' dir='ltr'><strong>de-</strong></span> 
     </span>
     <span class='ocr_line' id='line_1_21' title="bbox 236 1614 1690 1674; baseline 0.001 -16"><span class='ocrx_word' id='word_1_201' title='bbox 236 1616 490 1660; x_wconf 85' lang='lat' dir='ltr'><strong>monstravit</strong></span> <span class='ocrx_word' id='word_1_202' title='bbox 517 1615 709 1659; x_wconf 91' lang='lat' dir='ltr'><strong>Leskien</strong></span> <span class='ocrx_word' id='word_1_203' title='bbox 737 1616 766 1658; x_wconf 95' lang='lat' dir='ltr'><strong>l.</strong></span> <span class='ocrx_word' id='word_1_204' title='bbox 784 1631 820 1659; x_wconf 87' lang='lat' dir='ltr'><strong>c.</strong></span> <span class='ocrx_word' id='word_1_205' title='bbox 842 1631 884 1674; x_wconf 92' lang='lat' dir='ltr'><strong>p.</strong></span> <span class='ocrx_word' id='word_1_206' title='bbox 899 1615 954 1658; x_wconf 89' lang='grc'><strong>25</strong></span> <span class='ocrx_word' id='word_1_207' title='bbox 970 1631 1025 1658; x_wconf 89' lang='lat' dir='ltr'><strong>ss.</strong></span> <span class='ocrx_word' id='word_1_208' title='bbox 1041 1632 1063 1658; x_wconf 84' lang='grc' dir='ltr'><em>ε</em></span> <span class='ocrx_word' id='word_1_209' title='bbox 1090 1614 1448 1673; x_wconf 81' lang='lat' dir='ltr'><strong>reduplicationis</strong></span> <span class='ocrx_word' id='word_1_210' title='bbox 1478 1615 1690 1672; x_wconf 83' lang='lat' dir='ltr'><strong>syllabam</strong></span> 
     </span>
     <span class='ocr_line' id='line_1_22' title="bbox 236 1686 1693 1745; baseline 0.001 -16"><span class='ocrx_word' id='word_1_211' title='bbox 236 1702 341 1745; x_wconf 89' lang='lat' dir='ltr'><strong>prae</strong></span> <span class='ocrx_word' id='word_1_212' title='bbox 361 1701 407 1729; x_wconf 88' lang='lat' dir='ltr'><strong>se</strong></span> <span class='ocrx_word' id='word_1_213' title='bbox 428 1686 558 1740; x_wconf 87' lang='lat' dir='ltr'><strong>ferre,</strong></span> <span class='ocrx_word' id='word_1_214' title='bbox 576 1687 638 1729; x_wconf 84' lang='lat' dir='ltr'><strong>eis</strong></span> <span class='ocrx_word' id='word_1_215' title='bbox 653 1687 776 1741; x_wconf 85' lang='lat' dir='ltr'><strong>loeis,</strong></span> <span class='ocrx_word' id='word_1_216' title='bbox 787 1686 860 1729; x_wconf 88' lang='lat' dir='ltr'><strong>ubi</strong></span> <span class='ocrx_word' id='word_1_217' title='bbox 876 1686 1072 1729; x_wconf 82' lang='grc' dir='ltr'><em>πέπωκεν</em></span> <span class='ocrx_word' id='word_1_218' title='bbox 1085 1687 1290 1743; x_wconf 85' lang='lat' dir='ltr'><strong>legimus,</strong></span> <span class='ocrx_word' id='word_1_219' title='bbox 1304 1688 1404 1730; x_wconf 90' lang='lat' dir='ltr'><strong>satis</strong></span> <span class='ocrx_word' id='word_1_220' title='bbox 1417 1694 1538 1730; x_wconf 81' lang='lat' dir='ltr'><strong>certe</strong></span> <span class='ocrx_word' id='word_1_221' title='bbox 1557 1687 1693 1730; x_wconf 82' lang='lat' dir='ltr'><strong>effici-</strong></span> 
     </span>
     <span class='ocr_line' id='line_1_23' title="bbox 235 1759 1694 1816; baseline 0.001 -15"><span class='ocrx_word' id='word_1_222' title='bbox 235 1764 318 1803; x_wconf 86' lang='lat' dir='ltr'><strong>tur.</strong></span> <span class='ocrx_word' id='word_1_223' title='bbox 350 1759 403 1802; x_wconf 92' lang='lat' dir='ltr'><strong>In</strong></span> <span class='ocrx_word' id='word_1_224' title='bbox 434 1759 494 1802; x_wconf 87' lang='lat' dir='ltr'><strong>eis</strong></span> <span class='ocrx_word' id='word_1_225' title='bbox 524 1764 668 1803; x_wconf 89' lang='lat' dir='ltr'><strong>autem</strong></span> <span class='ocrx_word' id='word_1_226' title='bbox 685 1759 850 1815; x_wconf 89' lang='lat' dir='ltr'><strong>formis,</strong></span> <span class='ocrx_word' id='word_1_227' title='bbox 878 1759 954 1803; x_wconf 90' lang='lat' dir='ltr'><strong>ubi</strong></span> <span class='ocrx_word' id='word_1_228' title='bbox 975 1759 1194 1816; x_wconf 88' lang='lat' dir='ltr'><strong>digamma</strong></span> <span class='ocrx_word' id='word_1_229' title='bbox 1213 1759 1378 1803; x_wconf 89' lang='lat' dir='ltr'><strong>initiale</strong></span> <span class='ocrx_word' id='word_1_230' title='bbox 1398 1760 1485 1804; x_wconf 85' lang='lat' dir='ltr'><strong>iam</strong></span> <span class='ocrx_word' id='word_1_231' title='bbox 1507 1765 1599 1804; x_wconf 87' lang='lat' dir='ltr'><strong>erat</strong></span> <span class='ocrx_word' id='word_1_232' title='bbox 1620 1774 1694 1803; x_wconf 91' lang='lat' dir='ltr'><strong>ne-</strong></span> 
     </span>
     <span class='ocr_line' id='line_1_24' title="bbox 235 1831 1695 1887; baseline 0.001 -16"><span class='ocrx_word' id='word_1_233' title='bbox 235 1831 446 1886; x_wconf 85' lang='lat' dir='ltr'><strong>glectum,</strong></span> <span class='ocrx_word' id='word_1_234' title='bbox 487 1831 615 1872; x_wconf 89' lang='lat' dir='ltr'><strong>etiam</strong></span> <span class='ocrx_word' id='word_1_235' title='bbox 645 1831 830 1873; x_wconf 88' lang='lat' dir='ltr'><strong>alterum</strong></span> <span class='ocrx_word' id='word_1_236' title='bbox 862 1831 1095 1887; x_wconf 86' lang='lat' dir='ltr'><strong>digamma,</strong></span> <span class='ocrx_word' id='word_1_237' title='bbox 1144 1831 1262 1886; x_wconf 88' lang='lat' dir='ltr'><strong>quod</strong></span> <span class='ocrx_word' id='word_1_238' title='bbox 1290 1838 1410 1873; x_wconf 82' lang='lat' dir='ltr'><strong>extat</strong></span> <span class='ocrx_word' id='word_1_239' title='bbox 1439 1838 1539 1887; x_wconf 89' lang='lat' dir='ltr'><strong>post</strong></span> <span class='ocrx_word' id='word_1_240' title='bbox 1566 1831 1695 1872; x_wconf 88' lang='lat' dir='ltr'><strong>redu-</strong></span> 
     </span>
     <span class='ocr_line' id='line_1_25' title="bbox 239 1902 1695 1961; baseline -0.001 -16"><span class='ocrx_word' id='word_1_241' title='bbox 239 1902 484 1961; x_wconf 84' lang='lat' dir='ltr'><strong>plicationis</strong></span> <span class='ocrx_word' id='word_1_242' title='bbox 506 1902 734 1958; x_wconf 84' lang='lat' dir='ltr'><strong>syllabam,</strong></span> <span class='ocrx_word' id='word_1_243' title='bbox 752 1902 841 1945; x_wconf 85' lang='lat' dir='ltr'><strong>vim</strong></span> <span class='ocrx_word' id='word_1_244' title='bbox 860 1918 981 1946; x_wconf 86' lang='lat' dir='ltr'><strong>suam</strong></span> <span class='ocrx_word' id='word_1_245' title='bbox 996 1904 1204 1958; x_wconf 87' lang='lat' dir='ltr'><strong>amisisse,</strong></span> <span class='ocrx_word' id='word_1_246' title='bbox 1217 1904 1311 1946; x_wconf 86' lang='lat' dir='ltr'><strong>veri</strong></span> <span class='ocrx_word' id='word_1_247' title='bbox 1329 1903 1596 1946; x_wconf 85' lang='lat' dir='ltr'><strong>simillimum</strong></span> <span class='ocrx_word' id='word_1_248' title='bbox 1616 1908 1695 1955; x_wconf 87' lang='lat' dir='ltr'><strong>est,</strong></span> 
     </span>
     <span class='ocr_line' id='line_1_26' title="bbox 235 1972 1695 2033; baseline 0 -16"><span class='ocrx_word' id='word_1_249' title='bbox 235 1974 295 2017; x_wconf 88' lang='lat' dir='ltr'><strong>ita</strong></span> <span class='ocrx_word' id='word_1_250' title='bbox 324 1980 382 2025; x_wconf 90' lang='lat' dir='ltr'><strong>ut,</strong></span> <span class='ocrx_word' id='word_1_251' title='bbox 430 1974 465 2016; x_wconf 90' lang='lat' dir='ltr'><strong>si</strong></span> <span class='ocrx_word' id='word_1_252' title='bbox 508 1988 596 2017; x_wconf 89' lang='lat' dir='ltr'><strong>non</strong></span> <span class='ocrx_word' id='word_1_253' title='bbox 626 1973 797 2018; x_wconf 81' lang='grc' dir='ltr'><em>πέποικε</em></span> <span class='ocrx_word' id='word_1_254' title='bbox 828 1975 1059 2017; x_wconf 85' lang='lat' dir='ltr'><strong>restituere</strong></span> <span class='ocrx_word' id='word_1_255' title='bbox 1101 1989 1345 2033; x_wconf 87' lang='lat' dir='ltr'><strong>possumus,</strong></span> <span class='ocrx_word' id='word_1_256' title='bbox 1390 1972 1507 2018; x_wconf 76' lang='grc' dir='ltr'><em>ἔοικε</em></span> <span class='ocrx_word' id='word_1_257' title='bbox 1542 1972 1695 2031; x_wconf 84' lang='lat' dir='ltr'><strong>legere</strong></span> 
     </span>
     <span class='ocr_line' id='line_1_27' title="bbox 237 2041 1693 2103; baseline 0.001 -15"><span class='ocrx_word' id='word_1_258' title='bbox 237 2045 482 2089; x_wconf 87' lang='lat' dir='ltr'><strong>debeamus.</strong></span> <span class='ocrx_word' id='word_1_259' title='bbox 543 2044 655 2087; x_wconf 87' lang='lat' dir='ltr'><strong>Tum</strong></span> <span class='ocrx_word' id='word_1_260' title='bbox 684 2044 918 2088; x_wconf 85' lang='lat' dir='ltr'><strong>Bekkerus</strong></span> <span class='ocrx_word' id='word_1_261' title='bbox 950 2041 1158 2102; x_wconf 78' lang='grc' dir='ltr'><em>πεπῴκειν</em></span> <span class='ocrx_word' id='word_1_262' title='bbox 1183 2045 1308 2101; x_wconf 85' lang='lat' dir='ltr'><strong>legit,</strong></span> <span class='ocrx_word' id='word_1_263' title='bbox 1350 2061 1478 2103; x_wconf 85' lang='lat' dir='ltr'><strong>quam</strong></span> <span class='ocrx_word' id='word_1_264' title='bbox 1508 2047 1693 2089; x_wconf 87' lang='lat' dir='ltr'><strong>formam</strong></span> 
     </span>
     <span class='ocr_line' id='line_1_28' title="bbox 234 2116 1693 2174; baseline 0.001 -14"><span class='ocrx_word' id='word_1_265' title='bbox 234 2131 323 2160; x_wconf 91' lang='lat' dir='ltr'><strong>non</strong></span> <span class='ocrx_word' id='word_1_266' title='bbox 351 2122 514 2159; x_wconf 82' lang='lat' dir='ltr'><strong>rectam</strong></span> <span class='ocrx_word' id='word_1_267' title='bbox 543 2117 752 2173; x_wconf 87' lang='lat' dir='ltr'><strong>praebere</strong></span> <span class='ocrx_word' id='word_1_268' title='bbox 779 2116 970 2174; x_wconf 88' lang='lat' dir='ltr'><strong>speeiem</strong></span> <span class='ocrx_word' id='word_1_269' title='bbox 1001 2116 1106 2160; x_wconf 89' lang='lat' dir='ltr'><strong>mihi</strong></span> <span class='ocrx_word' id='word_1_270' title='bbox 1126 2131 1380 2174; x_wconf 86' lang='lat' dir='ltr'><strong>persuasum</strong></span> <span class='ocrx_word' id='word_1_271' title='bbox 1402 2117 1557 2161; x_wconf 89' lang='lat' dir='ltr'><strong>habeo.</strong></span> <span class='ocrx_word' id='word_1_272' title='bbox 1587 2117 1693 2161; x_wconf 89' lang='lat' dir='ltr'><strong>Pro-</strong></span> 
     </span>
     <span class='ocr_line' id='line_1_29' title="bbox 236 2185 1693 2245; baseline 0.001 -16"><span class='ocrx_word' id='word_1_273' title='bbox 236 2187 486 2230; x_wconf 81' lang='lat' dir='ltr'><strong>ductionem</strong></span> <span class='ocrx_word' id='word_1_274' title='bbox 516 2187 633 2230; x_wconf 91' lang='lat' dir='ltr'><strong>enim</strong></span> <span class='ocrx_word' id='word_1_275' title='bbox 662 2187 858 2243; x_wconf 81' lang='lat' dir='ltr'><strong>syllabae</strong></span> <span class='ocrx_word' id='word_1_276' title='bbox 886 2202 942 2240; x_wconf 88' lang='grc' dir='ltr'><strong>οι,</strong></span> <span class='ocrx_word' id='word_1_277' title='bbox 974 2201 1085 2242; x_wconf 88' lang='lat' dir='ltr'><strong>quae</strong></span> <span class='ocrx_word' id='word_1_278' title='bbox 1115 2193 1182 2230; x_wconf 91' lang='lat' dir='ltr'><strong>est</strong></span> <span class='ocrx_word' id='word_1_279' title='bbox 1210 2188 1257 2231; x_wconf 89' lang='lat' dir='ltr'><strong>in</strong></span> <span class='ocrx_word' id='word_1_280' title='bbox 1286 2185 1693 2245; x_wconf 66' lang='grc' dir='ltr'><strong>πεπῴκειν,1;αῃῑιιιη</strong></span> 
     </span>
     <span class='ocr_line' id='line_1_30' title="bbox 238 2258 1694 2315; baseline 0.003 -15"><span class='ocrx_word' id='word_1_281' title='bbox 238 2258 458 2315; x_wconf 86' lang='lat' dir='ltr'><strong>digammo</strong></span> <span class='ocrx_word' id='word_1_282' title='bbox 494 2260 651 2302; x_wconf 86' lang='lat' dir='ltr'><strong>amisso</strong></span> <span class='ocrx_word' id='word_1_283' title='bbox 691 2258 808 2302; x_wconf 81' lang='lat' dir='ltr'><strong>effici</strong></span> <span class='ocrx_word' id='word_1_284' title='bbox 843 2272 971 2315; x_wconf 88' lang='lat' dir='ltr'><strong>posse</strong></span> <span class='ocrx_word' id='word_1_285' title='bbox 1019 2265 1187 2302; x_wconf 85' lang='lat' dir='ltr'><strong>constat</strong></span> <span class='ocrx_word' id='word_1_286' title='bbox 1232 2261 1287 2303; x_wconf 83' lang='lat' dir='ltr'><strong>ef.</strong></span> <span class='ocrx_word' id='word_1_287' title='bbox 1315 2260 1428 2303; x_wconf 88' lang='lat' dir='ltr'><strong>Ebel</strong></span> <span class='ocrx_word' id='word_1_288' title='bbox 1459 2260 1516 2303; x_wconf 90' lang='lat' dir='ltr'><strong>K.</strong></span> <span class='ocrx_word' id='word_1_289' title='bbox 1549 2261 1597 2304; x_wconf 93' lang='lat' dir='ltr'><strong>Z.</strong></span> <span class='ocrx_word' id='word_1_290' title='bbox 1628 2261 1694 2303; x_wconf 88' lang='lat' dir='ltr'><strong>IV</strong></span> 
     </span>
    </p>
   </div>
   <div class='ocr_carea' id='block_1_3' title="bbox 233 2330 1695 2747">
    <p class='ocr_par' dir='ltr' id='par_1_3' title="bbox 233 2330 1695 2747">
     <span class='ocr_line' id='line_1_31' title="bbox 234 2330 1695 2391; baseline -0.001 -16"><span class='ocrx_word' id='word_1_291' title='bbox 234 2348 276 2391; x_wconf 94' lang='lat' dir='ltr'><strong>p.</strong></span> <span class='ocrx_word' id='word_1_292' title='bbox 296 2332 387 2375; x_wconf 85' lang='lat'><strong>171.</strong></span> <span class='ocrx_word' id='word_1_293' title='bbox 407 2332 461 2374; x_wconf 88' lang='lat' dir='ltr'><strong>ef.</strong></span> <span class='ocrx_word' id='word_1_294' title='bbox 490 2331 681 2376; x_wconf 89' lang='lat' dir='ltr'><strong>Leskien</strong></span> <span class='ocrx_word' id='word_1_295' title='bbox 709 2346 750 2388; x_wconf 91' lang='lat' dir='ltr'><strong>p.</strong></span> <span class='ocrx_word' id='word_1_296' title='bbox 768 2330 835 2375; x_wconf 89' lang='grc'><strong>27.</strong></span> <span class='ocrx_word' id='word_1_297' title='bbox 865 2331 929 2376; x_wconf 93' lang='lat' dir='ltr'><strong>Ut</strong></span> <span class='ocrx_word' id='word_1_298' title='bbox 958 2331 1074 2375; x_wconf 90' lang='lat' dir='ltr'><strong>enim</strong></span> <span class='ocrx_word' id='word_1_299' title='bbox 1106 2347 1129 2375; x_wconf 93' lang='lat' dir='ltr'><strong>e</strong></span> <span class='ocrx_word' id='word_1_300' title='bbox 1158 2332 1367 2388; x_wconf 82' lang='grc' dir='ltr'><em>βασιλέπα</em></span> <span class='ocrx_word' id='word_1_301' title='bbox 1399 2332 1496 2377; x_wconf 87' lang='lat' dir='ltr'><strong>fieri</strong></span> <span class='ocrx_word' id='word_1_302' title='bbox 1524 2337 1695 2391; x_wconf 88' lang='lat' dir='ltr'><strong>poterat</strong></span> 
     </span>
     <span class='ocr_line' id='line_1_32' title="bbox 234 2403 1693 2463; baseline 0 -16"><span class='ocrx_word' id='word_1_303' title='bbox 234 2409 308 2447; x_wconf 85' lang='lat' dir='ltr'><strong>aut</strong></span> <span class='ocrx_word' id='word_1_304' title='bbox 319 2403 504 2462; x_wconf 72' lang='grc' dir='ltr'><strong><em>βασιλῆῖι</em></strong></span> <span class='ocrx_word' id='word_1_305' title='bbox 522 2411 596 2447; x_wconf 90' lang='lat' dir='ltr'><strong>aut</strong></span> <span class='ocrx_word' id='word_1_306' title='bbox 611 2404 811 2460; x_wconf 83' lang='grc' dir='ltr'><strong><em>βασιλέᾶ,</em></strong></span> <span class='ocrx_word' id='word_1_307' title='bbox 828 2403 888 2448; x_wconf 89' lang='lat' dir='ltr'><strong>ita</strong></span> <span class='ocrx_word' id='word_1_308' title='bbox 908 2404 1037 2448; x_wconf 82' lang='lat' dir='ltr'><strong>etiam</strong></span> <span class='ocrx_word' id='word_1_309' title='bbox 1052 2406 1098 2449; x_wconf 86' lang='lat' dir='ltr'><strong>in</strong></span> <span class='ocrx_word' id='word_1_310' title='bbox 1127 2406 1273 2450; x_wconf 81' lang='lat' dir='ltr'><strong>verbis</strong></span> <span class='ocrx_word' id='word_1_311' title='bbox 1291 2406 1509 2463; x_wconf 89' lang='lat' dir='ltr'><strong>digammo</strong></span> <span class='ocrx_word' id='word_1_312' title='bbox 1538 2404 1693 2449; x_wconf 87' lang='lat' dir='ltr'><strong>amisso</strong></span> 
     </span>
     <span class='ocr_line' id='line_1_33' title="bbox 234 2475 1694 2535; baseline 0.001 -19"><span class='ocrx_word' id='word_1_313' title='bbox 234 2475 396 2517; x_wconf 84' lang='lat' dir='ltr'><strong>vocalis</strong></span> <span class='ocrx_word' id='word_1_314' title='bbox 425 2482 499 2517; x_wconf 91' lang='lat' dir='ltr'><strong>aut</strong></span> <span class='ocrx_word' id='word_1_315' title='bbox 528 2477 787 2520; x_wconf 85' lang='lat' dir='ltr'><strong>antecedens</strong></span> <span class='ocrx_word' id='word_1_316' title='bbox 806 2482 880 2518; x_wconf 84' lang='lat' dir='ltr'><strong>aut</strong></span> <span class='ocrx_word' id='word_1_317' title='bbox 897 2478 1169 2534; x_wconf 87' lang='lat' dir='ltr'><strong>subsequens</strong></span> <span class='ocrx_word' id='word_1_318' title='bbox 1194 2478 1379 2535; x_wconf 83' lang='lat' dir='ltr'><strong>produci</strong></span> <span class='ocrx_word' id='word_1_319' title='bbox 1406 2483 1592 2535; x_wconf 88' lang='lat' dir='ltr'><strong>poterat.</strong></span> <span class='ocrx_word' id='word_1_320' title='bbox 1620 2475 1694 2519; x_wconf 81' lang='lat' dir='ltr'><strong>Sic</strong></span> 
     </span>
     <span class='ocr_line' id='line_1_34' title="bbox 234 2543 1692 2606; baseline -0.001 -16"><span class='ocrx_word' id='word_1_321' title='bbox 234 2543 383 2604; x_wconf 75' lang='grc' dir='ltr'><strong><em>ἐῴκειν</em></strong></span> <span class='ocrx_word' id='word_1_322' title='bbox 399 2562 423 2590; x_wconf 91' lang='lat' dir='ltr'><strong>e</strong></span> <span class='ocrx_word' id='word_1_323' title='bbox 438 2546 652 2590; x_wconf 83' lang='grc' dir='ltr'><em>πεποίκειν</em></span> <span class='ocrx_word' id='word_1_324' title='bbox 671 2547 767 2604; x_wconf 90' lang='lat' dir='ltr'><strong>(pro</strong></span> <span class='ocrx_word' id='word_1_325' title='bbox 784 2546 1055 2604; x_wconf 77' lang='grc' dir='ltr'><em>ἕπεποίκειν),</em></span> <span class='ocrx_word' id='word_1_326' title='bbox 1084 2555 1318 2606; x_wconf 86' lang='lat' dir='ltr'><strong>augmento</strong></span> <span class='ocrx_word' id='word_1_327' title='bbox 1348 2548 1519 2603; x_wconf 86' lang='lat' dir='ltr'><strong>amisso,</strong></span> <span class='ocrx_word' id='word_1_328' title='bbox 1549 2552 1692 2590; x_wconf 89' lang='lat' dir='ltr'><strong>ortum</strong></span> 
     </span>
     <span class='ocr_line' id='line_1_35' title="bbox 233 2614 1685 2676; baseline -0.002 -13"><span class='ocrx_word' id='word_1_329' title='bbox 233 2625 312 2675; x_wconf 89' lang='lat' dir='ltr'><strong>est,</strong></span> <span class='ocrx_word' id='word_1_330' title='bbox 329 2625 378 2662; x_wconf 94' lang='lat' dir='ltr'><strong>ut</strong></span> <span class='ocrx_word' id='word_1_331' title='bbox 405 2614 578 2676; x_wconf 79' lang='grc' dir='ltr'><em>ἐώργειν</em></span> <span class='ocrx_word' id='word_1_332' title='bbox 609 2634 632 2662; x_wconf 90' lang='lat' dir='ltr'><strong>e</strong></span> <span class='ocrx_word' id='word_1_333' title='bbox 645 2615 883 2676; x_wconf 81' lang='grc' dir='ltr'><em>πεπόργειν,</em></span> <span class='ocrx_word' id='word_1_334' title='bbox 912 2635 1009 2663; x_wconf 89' lang='lat' dir='ltr'><strong>eum</strong></span> <span class='ocrx_word' id='word_1_335' title='bbox 1025 2619 1256 2676; x_wconf 85' lang='lat' dir='ltr'><strong>digamma,</strong></span> <span class='ocrx_word' id='word_1_336' title='bbox 1278 2619 1396 2676; x_wconf 87' lang='lat' dir='ltr'><strong>quod</strong></span> <span class='ocrx_word' id='word_1_337' title='bbox 1414 2620 1460 2662; x_wconf 89' lang='lat' dir='ltr'><strong>in</strong></span> <span class='ocrx_word' id='word_1_338' title='bbox 1476 2618 1597 2662; x_wconf 88' lang='lat' dir='ltr'><strong>initio</strong></span> <span class='ocrx_word' id='word_1_339' title='bbox 1614 2618 1685 2660; x_wconf 87' lang='lat' dir='ltr'><strong>ha-</strong></span> 
     </span>
     <span class='ocr_line' id='line_1_36' title="bbox 233 2690 1691 2747; baseline -0.001 -13"><span class='ocrx_word' id='word_1_340' title='bbox 233 2707 329 2735; x_wconf 89' lang='lat' dir='ltr'><strong>rum</strong></span> <span class='ocrx_word' id='word_1_341' title='bbox 346 2706 502 2736; x_wconf 84' lang='lat' dir='ltr'><strong>vocum</strong></span> <span class='ocrx_word' id='word_1_342' title='bbox 515 2691 748 2747; x_wconf 85' lang='lat' dir='ltr'><strong>invenitur,</strong></span> <span class='ocrx_word' id='word_1_343' title='bbox 766 2691 850 2735; x_wconf 89' lang='lat' dir='ltr'><strong>iam</strong></span> <span class='ocrx_word' id='word_1_344' title='bbox 863 2692 937 2735; x_wconf 85' lang='lat' dir='ltr'><strong>diu</strong></span> <span class='ocrx_word' id='word_1_345' title='bbox 957 2692 1215 2736; x_wconf 82' lang='lat' dir='ltr'><strong>evanuisset.</strong></span> <span class='ocrx_word' id='word_1_346' title='bbox 1237 2692 1411 2736; x_wconf 87' lang='lat' dir='ltr'><strong>Voealis</strong></span> <span class='ocrx_word' id='word_1_347' title='bbox 1429 2690 1691 2735; x_wconf 86' lang='lat' dir='ltr'><strong>antecedens</strong></span> 
     </span>
    </p>
   </div>
   <div class='ocr_carea' id='block_1_4' title="bbox 0 3270 1984 3332">
    <p class='ocr_par' dir='ltr' id='par_1_4' title="bbox 0 3270 1984 3332">
     <span class='ocr_line' id='line_1_37' title="bbox 0 3270 1984 3332; baseline 0 0"><span class='ocrx_word' id='word_1_348' title='bbox 0 3270 1984 3332; x_wconf 95' lang='lat' dir='ltr'><strong> </strong></span> 
     </span>
    </p>
   </div>
  </div>
 </body>
</html>
