1984 3332
960 181 1042 224 106

624 305 662 345 Ε
697 302 791 345 388.
821 296 1032 346 ἀπόλοιτο
1053 297 1191 360 ’Ἄρης

699 375 793 417 637.
823 373 1064 429 ἐξεγένοντο
1093 375 1169 418 ἐπί

627 452 652 490 Ι
704 447 798 491 712.
831 443 1050 506 ἠνείκαντο
1078 443 1239 492 οἷέθλια

691 522 785 564 426.
819 518 1090 577 ἐφράσσαντο
1121 521 1221 576 ἐμεῦ

629 598 680 637 Π
698 594 792 636 848.
828 587 981 637 ὄλοντο
1014 594 1103 652 ἐμῷ

628 671 664 708 Y
698 667 787 709 148.
817 663 990 709 σεύαιτο
1023 662 1103 709 ἄπ’

625 742 665 780 ‹1›
691 738 785 781 426.
816 741 959 781 κεῖντο
991 737 1066 782 ἐπὶ

630 815 674 854 Ψ
688 813 782 854 332.
812 811 988 854 τέτυκτο
1016 811 1102 855 ἐπὶ.

413 885 602 928 Eaedem
632 884 958 927 terminationes
1001 884 1045 928 in
1090 885 1175 927 fine
1218 883 1342 941 pedis
1389 883 1528 939 quarti
1567 881 1736 925 hiatum·

280 957 478 1000 efficiunt
506 958 561 999 cf.
595 957 760 1000 Hoffm.
790 971 832 1013 p.
850 958 917 999 90.

652 1031 691 1072 Θ
723 1029 790 1071 66.
821 1028 968 1083 ἀέξετο
997 1026 1113 1085 ἱερὸν
1143 1020 1265 1085 ἦμαρ·

621 1106 666 1144 K
692 1102 787 1144 472.
816 1101 999 1155 κέκλιτο,
1027 1093 1084 1144 εὖ
1115 1098 1223 1143 κατὰ
1249 1097 1413 1154 κόσμον

651 1177 702 1217 Λ
724 1175 791 1218 84.
820 1169 969 1229 ἀέξετο
999 1172 1116 1231 ἱερὸν
1143 1167 1255 1233 ἦμαρ

690 1247 786 1289 461.
816 1242 1054 1302 ἀνεχάζετο,
1086 1239 1161 1290 αὖε
1188 1248 1225 1290 δ’
1253 1245 1447 1302 ἑταίρους

623 1323 664 1363 Φ
690 1319 785 1362 234.
816 1318 1028 1364 ἐπέσσυτο
1062 1316 1231 1375 οἴδματι
1261 1316 1386 1362 θύων

625 1395 668 1434 Ψ
689 1392 781 1435 195.
812 1388 1024 1445 ὑπέσχετο
1053 1389 1148 1447 ἱεροὶ
1182 1389 1290 1435 καλὰ

699 1464 791 1506 224.
822 1458 1004 1519 ὀδύρετο
1036 1459 1164 1508 ὀστέα
1191 1464 1324 1507 καίων

626 1538 666 1579 Ω
694 1537 788 1579 508.
818 1532 1028 1580 ἀπώσατο
1059 1528 1143 1593 ἧκα
1171 1535 1360 1592 γέροντα.

405 1609 455 1651 In
486 1608 605 1650 hiatu
644 1608 796 1651 illicito
844 1609 918 1651 has
964 1609 1153 1664 syllabas
1200 1608 1358 1667 positas
1413 1607 1602 1650 invenis:
1650 1608 1725 1661 (ef.

279 1679 442 1723 Hoffm.
462 1680 483 1721 I
504 1696 545 1738 p.
560 1681 647 1734 93.)

617 1756 654 1795 Ε
681 1753 773 1795 748.
805 1750 1040 1807 ἐπεμάιετο
1062 1754 1230 1804 ἵππους
1252 1753 1410 1807 (Bekk.
1426 1752 1642 1807 ἐπεμαίετ’
1659 1745 1725 1807 ἄρ’

1278 1824 1463 1877 ἵππους)

624 1898 665 1939 Ω
680 1897 773 1940 124.
802 1894 1022 1941 ἐντύνοντο
1051 1891 1243 1954 ἄριστον.

276 1985 326 2011 το
358 1969 616 2027 productum
646 1969 779 2012 habes
808 1968 851 2011 in
883 1969 956 2011 illa
1000 1969 1198 2020 formula,
1246 1982 1355 2024 quae
1398 1973 1515 2011 extat
1556 1970 1609 2010 M
1633 1967 1725 2010 144.

279 2041 423 2084 0396.
455 2044 507 2083 Π
518 2040 612 2083 366.

389 2115 554 2170 Τρῶας,
582 2107 688 2168 ἀτὰρ
718 2115 897 2157 Δαναῶν
925 2112 1069 2170 γένετό
1099 2109 1251 2170 ηςαχή
1280 2127 1327 2156 τε
1358 2108 1500 2171 φόβος
1527 2128 1588 2155 τε.

385 2187 649 2243 Savelsberg
667 2188 694 2228 1.
709 2203 745 2230 c.
762 2203 836 2244 prs
853 2187 902 2229 II
929 2201 968 2243 p.
991 2186 1041 2228 21
1062 2193 1105 2228 et
1121 2186 1243 2229 Pohl.
1261 2186 1288 2228 l.
1306 2201 1342 2228 c.
1371 2201 1413 2243 p.
1429 2186 1480 2227 21
1514 2186 1644 2228 Anm.
1668 2185 1723 2227 82

274 2258 386 2300 hanc
419 2258 750 2315 productionem
783 2273 832 2301 ea
860 2274 907 2301 re
939 2272 1143 2301 excusare
1187 2265 1411 2311 conantur,
1454 2257 1569 2313 quod
1612 2273 1640 2299 J·-
1668 2257 1723 2299 ad

274 2329 409 2373 instar
436 2330 658 2373 literarum
691 2330 952 2386 liquidarum
995 2332 1069 2385 (ef.
1100 2328 1252 2384 ἔλλαβε
1290 2343 1368 2387 pro
1401 2326 1548 2383 ἔλαβε)
1587 2328 1722 2383 gemi-

274 2407 419 2444 natum
445 2402 713 2460 pronuntiari
741 2417 867 2459 posse
898 2402 1083 2446 firmant.
1136 2401 1225 2445 Sed
1254 2401 1353 2444 huic
1386 2402 1625 2445 sententiae
1654 2416 1717 2443 as-

276 2476 422 2519 sentiri
440 2490 526 2518 non
543 2491 730 2533 possum,
753 2491 848 2519 eum
872 2476 975 2518 mihi
993 2475 1166 2532 quidem
1183 2481 1367 2531 constet,
1396 2475 1463 2518 his
1493 2475 1599 2519 locis
1626 2490 1722 2518 eon-

273 2548 400 2592 tineri
428 2547 656 2590 formulam
688 2562 742 2591 ex
772 2548 1012 2606 antiquiore
1041 2548 1159 2605 poesi
1191 2548 1313 2606 epica
1341 2548 1387 2592 in
1416 2548 1606 2592 carmina
1630 2548 1719 2592 Ho-

274 2620 434 2663 merica
467 2621 728 2674 translatam,
773 2636 854 2678 qua
893 2637 917 2663 ο
954 2621 1189 2664 firmiorem
1233 2628 1427 2665 naturam
1470 2621 1718 2665 servaverit.

271 2692 439 2737 Eodem
470 2693 598 2736 modo
642 2694 748 2736 alias
783 2693 1102 2752 productiones,
1148 2708 1254 2750 quae
1297 2700 1396 2737 ante
1439 2690 1602 2749 nfo'cxw
1644 2707 1717 2736 ex-

273 2773 400 2821 stant,
442 2766 652 2825 explicari
699 2772 849 2825 postea
894 2765 1183 2811 ostendemus.
1261 2767 1426 2812 Eadem
1467 2782 1594 2811 eausa
1621 2781 1717 2825 pro-
