1984 3332
990 147 1046 189 20
1142 113 1145 116 Δ

286 278 429 322 neque
458 264 586 307 aliter
612 280 683 308 res
713 279 759 308 se
790 265 919 308 habet
947 266 992 307 in
1022 266 1174 322 lingua
1202 265 1386 318 Gallica,
1422 266 1494 309 ubi
1528 282 1620 310 vox
1648 283 1747 324 „pa-

289 335 398 378 lais“
431 342 475 379 et
516 336 761 395 „palatum“
794 343 836 379 et
867 337 1143 395 „palatium,“
1183 352 1292 396 quae
1331 336 1600 381 substantiva
1630 353 1655 380 a
1687 338 1748 381 di-

292 409 431 451 versis
464 409 682 452 radicibus
716 410 935 464 originem
954 410 1184 463 duxerunt,
1200 410 1430 466 significat,
1457 410 1582 452 Hane
1606 417 1747 453 autem

294 495 463 535 vocem,
504 480 669 523 etiamsi
703 480 835 539 palati
864 482 1084 524 notionem
1117 480 1335 536 describit,
1373 496 1396 523 a
1433 481 1638 539 „palatio“
1677 481 1748 524 de·

296 552 527 594 rivandum
564 567 674 606 esse,
719 552 810 594 eius
841 553 1100 594 formatione
1132 553 1313 595 efficitur
1344 553 1398 594 ef.
1428 553 1605 595 Miiller:
1637 553 1749 594 Vor-

292 623 464 678 lesung.
485 624 531 667 II
572 641 615 682 p.
634 624 731 668 238.
805 625 896 667 Iam
944 624 1100 678 „dasff
1131 624 1313 667 eandem
1340 625 1551 681 praebere
1583 639 1749 677 vocem,

292 710 342 738 ac
370 692 488 751 λᾱός,
533 695 638 739 mihi
677 711 930 754 persuasum
975 697 1129 739 habeo.
1202 696 1331 750 Quod
1370 696 1546 740 Curtius
1581 712 1623 754 p.
1652 696 1747 740 325.

290 767 517 809 transitum
549 768 701 810 literae
733 768 761 810 d
791 768 837 810 in
866 769 890 810 λ
917 769 962 810 in
991 768 1162 811 Graeca
1193 768 1343 826 lingua
1383 768 1623 811 inauditum
1654 782 1749 812 esse

288 839 446 893 firmat,
496 853 579 894 ego
622 837 726 890 λοῖός
755 853 777 881 e
806 837 912 891 δοιός
956 840 1103 882 eadem
1135 841 1300 882 ratione
1335 847 1475 883 ortum
1506 855 1600 883 esse
1629 847 1748 897 puto,

292 925 376 967 quo
408 907 548 967 λάφνη
580 907 761 968 θὸἀφνη
790 911 962 968 prodiit,
996 912 1049 955 ef.
1078 908 1231 969 λάφνη,
1261 908 1401 970 δάφνη
1418 914 1630 967 Περγαῖοι
1645 912 1746 967 (He-

288 980 432 1035 sych.)
466 981 520 1023 ef.
551 981 853 1038 Savelsberg:
886 983 957 1026 De
988 982 1207 1038 digammo
1238 983 1415 1041 eiusque
1444 982 1747 1025 immutationi-

287 1052 367 1092 bus
397 1066 499 1107 pars
522 1052 572 1094 II
616 1067 656 1108 p.
675 1053 741 1093 30.
786 1054 876 1094 sin
915 1053 1056 1094 media
1098 1067 1203 1094 voce
1245 1068 1330 1094 non
1371 1054 1496 1095 aliter
1535 1060 1662 1109 atque
1702 1053 1746 1094 in

290 1121 445 1177 γένεος,
491 1121 607 1178 quod
637 1137 659 1164 e
695 1121 869 1178 γένεσος
910 1129 1051 1165 ortum
1096 1137 1190 1166 esse
1235 1129 1417 1178 constat,
1461 1123 1747 1178 amittebatur,

290 1194 316 1236 ὃ
328 1201 470 1236 autem
482 1194 526 1236 in
537 1188 676 1249 ὃᾶϊος,
698 1191 819 1251 δήϊος
838 1195 1129 1249 („inimicus“)
1146 1195 1268 1238 nobis
1285 1202 1501 1238 servatum
1517 1209 1611 1238 esse
1626 1195 1747 1237 vide-

289 1273 372 1320 tur,
406 1282 532 1324 quem
566 1282 738 1309 sensum
767 1268 895 1309 etiam
914 1282 1021 1310 voce
1042 1267 1302 1310 sanskritica
1320 1267 1475 1321 „dasa“
1493 1282 1747 1325 expressum

289 1338 532 1380 invenimus
561 1339 617 1381 cf.
649 1339 810 1395 Bhtgk.
845 1355 886 1381 u.
916 1340 1043 1382 Roth.
1074 1340 1101 1381 1.
1133 1355 1167 1381 c.
1199 1339 1351 1397 p.605‚
1383 1339 1440 1381 K.
1460 1339 1675 1382 Zeitschr.
1689 1339 1744 1381 V.

295 1427 335 1467 p.
362 1412 453 1452 151.
537 1412 848 1465 Quamobrem,
879 1427 977 1453 cum
1008 1413 1060 1453 ab
1092 1412 1235 1453 radice
1267 1412 1400 1465 »δαὶ-ι(
1430 1411 1476 1451 in
1504 1411 1624 1462 δαίω,
1661 1411 1748 1465 „in-

291 1482 508 1524 cendere“
554 1482 739 1540 profecti
778 1483 850 1534 (ef.
884 1482 1128 1538 Cu1·1.209)
1173 1481 1431 1525 difficillime
1476 1482 1530 1524 ad
1572 1496 1747 1525 sensum

288 1554 540 1595 inimicitiae
567 1561 695 1609 atque
724 1555 971 1595 hostilitatis
1000 1553 1318 1609 perveniamus,
1358 1555 1441 1595 hoe
1479 1551 1600 1603 δάϊος
1630 1570 1654 1595 a
1679 1569 1745 1594 ra-

289 1623 385 1666 dice
419 1624 549 1678 „601st
578 1625 869 1682 separandum
901 1639 995 1667 esse
1026 1631 1130 1681 puto
1150 1624 1195 1680 ¹).
1271 1623 1383 1667 Cum
1427 1630 1570 1667 autem
1596 1623 1622 1667 ὁ
1647 1624 1693 1666 in
1722 1624 1747 1666 λ,

292 1696 512 1749 transiret,
551 1696 680 1738 facile
711 1696 804 1737 fieri
836 1702 1022 1753 poterat,
1064 1702 1124 1748 ut,
1168 1709 1263 1737 cum
1296 1695 1378 1736 hoc
1408 1695 1511 1746 λοῖος
1546 1713 1590 1732 =
1624 1695 1746 1737 dasas

298 1782 393 1809 cum
425 1767 503 1809 illo
542 1764 663 1822 λοῖός,
706 1767 820 1825 quod
862 1767 1072 1826 populum
1114 1767 1344 1824 significat,
1393 1766 1747 1821 confunderetur,

293 1839 423 1880 etiam
471 1853 622 1880 sensus
670 1839 926 1895 primitivus,
977 1840 1050 1895 qui
1089 1839 1219 1880 infuit
1258 1839 1356 1881 voci
1396 1835 1500 1888 λοῖός
1532 1856 1576 1875 =
1606 1837 1746 1892 dasas,

292 1909 403 1952 falsa
433 1909 701 1965 etymologia
732 1909 884 1967 populi
917 1909 1095 1965 ingenio
1132 1910 1306 1952 inventa
1349 1909 1579 1952 adiuvante
1609 1924 1633 1952 e
1662 1909 1746 1951 lin-

289 1997 376 2039 gua
406 1988 699 2025 evanesceret.
745 1981 898 2039 Itaque
931 1981 1188 2037 Λοῐομέὸων
1213 1995 1338 2024 sensu
1368 1981 1587 2038 primitivo
1615 1980 1746 2037 signi-

292 2055 444 2098 ficabat
472 2054 900 2110 „rectorcmillorum
918 2055 1221 2109 daemonum,“
1258 2054 1328 2112 qui
1346 2053 1460 2111 apud
1477 2054 1609 2097 Indos
1643 2053 1746 2108 „da-

292 2129 388 2170 siis“
418 2126 767 2178 nominabantur,
815 2127 928 2184 quod
970 2142 1131 2169 nomen
1174 2128 1362 2169 maxime
1392 2132 1539 2183 aptum
1583 2126 1662 2168 fuit
1691 2126 1745 2167 ad

294 2199 385 2241 eius
416 2205 610 2241 naturam
646 2199 991 2253 describendam,
1032 2199 1292 2257 praesertim
1322 2214 1415 2240 cum
1449 2213 1544 2240 eum
1575 2199 1628 2240 ab
1657 2198 1744 2240 He-

296 2272 428 2326 racle,
464 2271 545 2313 deo
578 2271 695 2324 solis,
727 2271 1001 2314 interfectum
1037 2285 1133 2313 esse
1163 2270 1499 2313 consideremus.
1532 2270 1605 2312 Ad
1635 2269 1745 2312 radi-

293 2357 389 2386 cem
421 2343 722 2386 sanskriticam
753 2343 899 2398 „dasf‘
923 2343 989 2386 eui
1010 2343 1122 2385 inest
1142 2343 1259 2385 notio
1280 2341 1498 2396 laedendi,
1529 2341 1657 2384 etiam
1679 2355 1745 2383 re-

291 2417 386 2457 fero
420 2430 573 2457 vocem
592 2415 803 2459 Graecam
831 2412 1020 2471 λεωργός
1053 2415 1286 2468 (Frevler)‚
1317 2429 1441 2471 quam
1473 2429 1571 2456 cum
1594 2413 1744 2457 Curtio

292 2503 335 2544 p.
352 2488 435 2530 325
467 2502 490 2530 e
519 2483 735 2543 2055007159
763 2512 817 2518 —
845 2487 905 2529 λᾱ
935 2493 1076 2529 autem
1109 2500 1132 2529 e
1161 2487 1240 2529 λαο
1271 2486 1299 2528 i.
1334 2501 1370 2529 e.
1403 2486 1509 2530 λᾱσο
1548 2486 1744 2530 debilita-

425 2642 457 2686 1)
483 2641 532 2676 Ut
551 2641 670 2684 video,
700 2641 812 2675 etiam
837 2640 1064 2676 Schleicher:
1104 2640 1303 2685 Compend.
1329 2652 1364 2684 p.
1393 2642 1447 2675 70.
1474 2636 1574 2684 δήιος
1596 2640 1642 2675 ad
1670 2641 1744 2675 skr.

294 2704 443 2738 »dfisas«
473 2702 707 2738 referendum
735 2715 812 2738 esse
842 2704 984 2739 statuit.
