1984 3332
967 147 1021 189 32

265 281 306 323 p.
329 265 419 320 50).
464 262 604 321 ἔργον,
645 281 773 322 quam
820 281 973 309 vocem
1005 268 1049 309 in
1077 268 1219 310 Iliade
1262 276 1434 313 centum
1466 272 1635 318 duobus
1663 276 1723 319 lo-

272 337 332 379 cis
389 337 621 394 legendam
669 338 772 380 mihi
816 338 976 393 notavi,
1020 340 1258 396 nonaginta
1299 357 1458 385 novem
1499 344 1605 388 locis
1661 347 1722 390 di-

269 424 441 466 gamma
472 416 515 451 et
540 410 689 466 poscit·
713 417 755 452 ct
784 410 994 464 admittit3
1024 418 1091 453 ter
1109 418 1277 455 tantum
1291 414 1463 457 literam
1487 417 1721 472 spirantem

265 486 521 538 aspernatur
548 482 603 525 cf.
634 481 782 524 3751.
813 473 856 524 A
865 481 961 525 470.
993 483 1138 527 P279.
1209 483 1272 529 Ut
1307 500 1364 530 ex
1392 486 1542 544 lingua
1567 488 1723 532 Latina

265 553 516 609 exemplum
544 554 739 606 afferam,
764 554 886 595 iuxta
912 555 1120 597 Dativum
1152 558 1387 612 singularis
1416 560 1461 601 in
1500 562 1602 614 „ae“
1646 561 1723 603 de-

263 623 474 665 sinentem
508 624 695 666 eundcm
735 638 883 667 casum
909 625 953 666 in
989 627 1066 680 „e“
1100 634 1333 671 exeuntem
1360 630 1403 672 in
1433 631 1722 674 monumentis

270 694 525 748 invenimus,
559 695 637 737 cf.:

726 795 922 840 Veianae
956 797 1126 841 Rumne

728 867 897 910 Polliae
927 869 1073 911 Prime

728 938 843 980 filiae
880 939 1100 981 carissime

264 1025 419 1080 quibus
460 1024 513 1065 de
557 1024 711 1066 formis
753 1025 926 1067 videas:
980 1026 1195 1070 Corssen:
1242 1027 1393 1071 Ueber
1427 1029 1722 1087 Ausspraehe,

262 1095 481 1137 Vocalism
512 1102 590 1138 etc.
610 1095 633 1137 I
661 1111 702 1153 p.
725 1096 816 1139 189.
878 1097 962 1139 Hic
993 1097 1163 1140 dativus
1198 1099 1243 1140 in
1274 1101 1353 1152 „e“
1387 1099 1537 1143 exiens
1564 1115 1721 1142 novam

272 1166 454 1207 formam
483 1179 588 1221 prae
619 1180 665 1208 se
698 1167 798 1218 fert,
828 1181 937 1221 quae
970 1168 1194 1224 paullatim
1226 1168 1416 1210 dativum
1446 1170 1489 1210 in
1512 1171 1615 1222 „ae“
1646 1171 1721 1213 dc-

268 1237 483 1280 sinentem
537 1251 560 1279 e
607 1237 759 1292 lingua
805 1238 1031 1294 expellere
1077 1238 1244 1295 incipit,
1295 1241 1537 1298 antiquiore
1584 1241 1721 1284 forma

271 1309 453 1366 expulsa
483 1309 573 1352 sola
605 1309 749 1351 dativo
782 1309 1071 1353 describendo
1101 1311 1294 1354 inservit.
1324 1311 1481 1368 Neque
1501 1313 1630 1356 aliter
1652 1329 1723 1357 res

266 1394 312 1422 se
343 1381 474 1423 habet
502 1382 546 1423 in
576 1381 728 1438 lingua
758 1382 1040 1437 Sanskritica,
1068 1384 1140 1425 ubi
1172 1383 1216 1424 in
1250 1383 1425 1438 hymnis
1455 1384 1619 1427 vedicis
1649 1399 1722 1427 no-

271 1452 526 1495 minativum
570 1454 751 1510 pluralis
786 1456 981 1497 neutrius
1025 1456 1214 1511 generis,
1254 1456 1328 1512 qui
1372 1457 1721 1500 terminationem

268 1524 393 1577 „ani“
425 1526 618 1581 praebet,
647 1541 743 1567 cum
774 1526 926 1568 eodem
961 1541 1075 1578 casu,
1116 1527 1187 1584 qui
1218 1527 1502 1583 antiquiorem
1541 1528 1721 1570 formam

265 1596 309 1637 in
340 1596 415 1650 „22¹³
449 1596 719 1639 desinentem
749 1598 952 1652 servavit,
981 1598 1261 1640 coniunctum
1292 1598 1499 1641 habemus
1528 1599 1601 1641 cf.:

533 1685 700 1738 vicvani
731 1685 922 1728 adbhuta
949 1687 1031 1743 Rg.
1048 1686 1103 1730 V.
1126 1687 1162 1739 I,
1178 1687 1245 1730 25.
1265 1687 1330 1730 11.

535 1756 663 1809 νίςνῖι
692 1757 940 1798 bhuvanani
971 1756 1053 1812 Rg.
1070 1757 1124 1798 V.
1143 1758 1179 1810 I,
1196 1758 1261 1800 35.
1278 1759 1318 1799 5.

531 1827 655 1881 vicva
683 1827 847 1869 Variani
876 1827 957 1882 Rg.
975 1827 1029 1868 V.
1044 1828 1145 1882 VII,
1166 1828 1230 1870 17.
1246 1828 1285 1870 5.

270 1919 436 1973 Quibus
466 1917 681 1976 exemplis
717 1917 943 1972 sententia,
984 1931 1111 1973 quam
1143 1931 1271 1975 supra
1300 1917 1573 1975 protulimus,
1620 1916 1722 1959 satis

268 1997 386 2032 certe
419 1990 631 2042 firmatur,
675 1987 868 2043 linguam
910 1988 957 2029 in
986 1989 1111 2030 novis
1142 1988 1291 2030 formis
1322 1988 1585 2045 accipiendis
1617 1988 1721 2030 anti-

271 2060 453 2117 quisque
490 2059 695 2103 tollendis
724 2059 930 2117 paulatim
961 2059 1140 2103 versari.

400 2132 448 2175 Si
476 2131 530 2173 de
561 2132 738 2189 palatali
769 2132 975 2188 spirante,
1023 2146 1132 2189 quae
1163 2138 1227 2174 est
1254 2132 1288 2186 j,
1336 2132 1627 2187 quaestionem
1656 2130 1724 2171 in-

267 2203 497 2256 stituimus,
528 2203 654 2245 huius
683 2204 837 2245 literae
869 2203 1044 2258 signum
1073 2203 1120 2244 in
1150 2203 1325 2260 antiqua
1341 2202 1611 2246 Graecorum
1641 2201 1721 2242 lin-

267 2288 354 2329 gua
384 2288 472 2314 non
500 2273 623 2315 nobis
650 2280 714 2315 cst
759 2280 999 2326 servatum;
1042 2288 1137 2315 eam
1182 2280 1326 2315 autem
1373 2272 1417 2313 in
1460 2272 1540 2313 hac
1573 2272 1724 2326 lingua

265 2344 478 2398 extitisse,
508 2351 551 2387 et
582 2345 860 2400 argumentis
892 2359 914 2387 c
949 2359 997 2387 re
1029 2344 1220 2398 metrica,
1243 2343 1379 2401 qualis
1413 2348 1477 2385 est
1499 2342 1612 2400 apud
1629 2341 1724 2384 Ho-

267 2431 452 2472 merum,
497 2417 708 2475 repetitis,
733 2423 776 2459 ct
806 2417 1000 2461 dialectis
1030 2416 1287 2460 recentioris
1320 2415 1517 2460 Graecae
1545 2414 1721 2469 linguae

269 2488 479 2541 efficitur3
523 2502 649 2544 quam
682 2488 735 2528 ad
765 2487 957 2542 linguam
989 2487 1023 2528 si
1049 2486 1239 2528 animum
1263 2484 1542 2536 advertimus,
1584 2484 1601 2538 j
1631 2497 1724 2524 sae-

268 2559 445 2618 pissime
465 2564 610 2616 partes
628 2557 802 2614 spiritus
825 2564 867 2601 ct
892 2557 1004 2601 lenis
1037 2563 1080 2599 et
1108 2556 1249 2615 asperi
1277 2555 1469 2613 suscipit,
1500 2554 1577 2597 cf.:
1595 2547 1725 2610 ja'c‘ya

267 2649 318 2668 ε
340 2626 453 2687 αἶγα,
474 2630 614 2685 ]ἀῖμα
648 2648 691 2667 =
716 2624 837 2684 αἷμα,
858 2630 955 2684 jvvc
980 2648 1021 2666 :-
1042 2620 1154 2682 ὗιίς;
1174 2635 1264 2670 tum
1294 2628 1368 2669 illa
1400 2627 1527 2669 litera
1555 2626 1724 2683 spirans

268 2703 313 2745 in
347 2703 500 2746 mediis
532 2703 711 2746 vocibus
742 2702 784 2744 in
830 2717 1065 2758 earumque
1101 2702 1222 2743 initio
1253 2700 1415 2742 vocalis
1445 2700 1458 2741 i
1502 2700 1618 2741 vices
1649 2713 1722 2753 ge-
