1984 3332
997 197 1045 260 Π

425 343 668 401 brhaspatir
685 340 974 385 bhinadadrin
992 341 1204 409 vidadga:
1238 342 1537 399 „Brihaspatir
1555 346 1745 383 montem

303 413 431 456 scidit
459 426 698 467 vaccasque
724 411 929 455 invenit.“

425 486 659 529 Praeterea
675 483 804 549 erha
823 487 946 540 (part.
965 489 1101 540 praet.
1119 499 1155 526 a.
1175 485 1294 527 verb.
1318 483 1513 538 „dax-M).
1546 482 1744 538 „arcem“

294 562 527 619 significat,
558 577 642 618 qua
672 576 831 606 vaccae
858 562 1111 604 retinentur.

295 634 353 677 cf.
381 635 464 690 Rg.
494 633 579 676 Vd.
610 634 650 676 3.
677 635 746 676 45.
775 633 815 676 2.

425 706 550 752 indro
582 705 708 772 drlbfi
732 701 805 749 olid
830 701 985 761 artiga:

426 784 561 828 Indra
591 799 713 828 arces
742 782 899 826 evertit
927 781 1113 837 (arcium
1146 795 1323 824 eversor
1354 781 1467 835 fuit).

295 856 324 897 1.
356 871 394 898 c.
422 857 461 899 8.
491 857 560 898 45.
592 858 656 900 13.

425 921 569 964 vidms.
595 922 641 965 hi
671 924 744 964 tva
775 946 824 953 -
857 919 983 986 drihfi.
1012 915 1284 976 c'idarug'nm.

426 998 504 1052 Te,
537 1013 562 1040 ο
595 998 744 1050 Indra)
771 999 972 1041 novimus
1004 1011 1253 1040 eversorem
1285 997 1465 1039 arcium.

294 1070 348 1112 cf.
377 1070 555 1126 Bhtlgk.
585 1070 675 1113 und
705 1070 831 1114 Roth.
849 1071 935 1114 III.
969 1086 1011 1128 p.
1029 1069 1125 1112 542.

424 1141 590 1185 Eodem
606 1156 750 1196 sensu,
781 1156 866 1198 quo
885 1141 993 1195 adri,
1014 1137 1161 1198 vrag'u,
1180 1141 1305 1208 driha
1331 1142 1376 1184 in
1392 1140 1554 1184 vedicis
1571 1138 1745 1195 hymnis

293 1219 514 1274 leguntur,
551 1219 679 1261 etiam
720 1218 855 1260 utitur
885 1234 973 1262 vox
1002 1220 1162 1286 „viiuf‘
1237 1221 1357 1263 Haec
1398 1233 1487 1260 vox
1526 1216 1744 1272 originem

293 1295 410 1339 ducit
437 1311 462 1337 a
491 1297 624 1339 verbo
656 1296 806 1351 2,ν’ἰς1“;
845 1296 1088 1353 lingualem
1115 1305 1257 1342 autem
1290 1297 1460 1340 literam
1486 1295 1531 1349 d,
1560 1294 1597 1336 si
1629 1293 1745 1335 inter

294 1367 399 1410 duas
414 1368 590 1411 vocales
606 1369 749 1411 locum
770 1368 948 1424 obtinet,
965 1371 1214 1428 saepissime
1236 1371 1282 1413 in
1302 1369 1541 1426 lingualem
1570 1367 1586 1409 l
1608 1372 1745 1409 trans-

291 1446 356 1488 ire
387 1451 564 1489 constat.
621 1446 723 1489 Non
769 1446 895 1489 aliter
933 1462 1004 1491 res
1047 1463 1093 1491 se
1133 1450 1264 1493 habet
1312 1449 1358 1491 in
1400 1463 1509 1492 voce
1550 1445 1743 1502 „drlha,“

292 1524 337 1566 in
369 1538 450 1581 qua
477 1522 494 1564 l
522 1523 640 1566 vices
672 1524 823 1566 literae
855 1522 883 1564 (1
911 1526 1040 1580 gerit,
1083 1533 1213 1582 atque
1241 1528 1287 1570 in
1320 1526 1522 1593 „mr-iatau
1550 1504 1595 1582 ¹);
1615 1503 1746 1582 ”quae

293 1602 432 1644 forma
451 1600 652 1644 scribitur
666 1614 744 1656 pro
764 1601 931 1669 mrgiata
958 1603 1342 1659 cf.Rg.Vd.8,18.
1363 1605 1427 1647 13.
1459 1611 1502 1647 et
1529 1605 1574 1648 in
1607 1599 1747 1671 „avoi-

293 1681 418 1722 ham“
448 1693 528 1735 pro
562 1680 824 1733 „avodham“
841 1682 893 1723 cf.
911 1682 993 1737 Rg.
1015 1681 1098 1723 Vd.
1117 1681 1155 1724 8.
1177 1683 1216 1724 5.
1235 1683 1299 1723 10.
1330 1682 1497 1736 Radiei,
1527 1697 1637 1740 quae
1667 1684 1745 1724 sub

294 1764 402 1793 voce
442 1749 529 1816 vilu
572 1750 691 1804 latet,
732 1750 847 1794 inest
878 1751 1018 1794 notio:
1065 1752 1265 1805 „firmum
1310 1754 1430 1796 esse“
1459 1755 1513 1796 cf.
1544 1754 1626 1810 Rg.
1658 1754 1744 1797 Vd.

291 1829 331 1870 3.
363 1829 434 1883 53,
468 1829 532 1870 19.

424 1900 559 1943 aksha
587 1897 680 1965 vif-lo
702 1898 824 1965 vilita
852 1899 1086 1959 vilayasva.

425 1978 573 2033 „firme
591 1978 704 2020 axis!
732 1957 925 2021 firmanis
950 1980 1101 2023 firmus
1132 1980 1189 2022 sis
1205 1981 1242 2022 !“

292 2050 374 2106 Rg.
405 2048 487 2091 Vd.
523 2048 563 2090 8.
592 2048 659 2091 45.
691 2048 730 2091 6.

422 2120 701 2187 yadviiayasi
726 2119 819 2186 ’vi-lu
845 2126 919 2163 tat.

425 2199 585 2254 „Quod
614 2205 660 2240 tu
687 2199 857 2241 firmum
884 2198 1048 2253 reddis,
1077 2197 1123 2240 id
1153 2197 1324 2240 firmum
1357 2201 1463 2242 est.“

292 2271 374 2324 Rg.
408 2270 495 2313 Vd.
523 2272 562 2313 6.
590 2270 657 2312 22.
689 2269 728 2312 6.

421 2332 583 2393 αόγιηὲ,
600 2332 672 2381 did
690 2334 815 2402 xri-lita
837 2360 887 2367 -—
916 2330 1030 2393 rug‘o
1065 2334 1108 2385 ᾗ
1137 2333 1274 2402 drihfi.

425 2413 505 2467 Tu,
531 2414 574 2469 (o
604 2414 752 2468 Indra)
782 2412 956 2456 stabiles
987 2419 1116 2470 atque
1145 2414 1289 2457 firmas
1319 2429 1441 2458 arces
1470 2415 1642 2459 evertis.

424 2581 459 2625 1)
484 2580 529 2616 cf.
564 2583 684 2628 yagno
708 2580 785 2638 hilo
813 2592 857 2618 vo
893 2582 1025 2617 antara
1057 2580 1182 2628 §.ditya
1205 2582 1277 2618 asti
1303 2581 1447 2638 mriata.
1473 2583 1629 2628 yushme
1653 2584 1741 2621 idvo

291 2649 353 2694 api
381 2648 518 2684 ahmasi
541 2650 693 2694 sagsstye
731 2650 980 2686 »Sacrificium
1004 2653 1063 2686 est
1098 2651 1197 2696 apud
1228 2663 1304 2693 vos,
1349 2631 1487 2697 'gaudio
1512 2664 1580 2688 nos
1604 2653 1743 2689 afficite

292 2723 314 2748 ο
342 2712 520 2760 Adityae;
546 2724 671 2750 sumus
698 2713 797 2750 enim
821 2716 968 2752 vestrae
990 2714 1134 2762 gentis«
1162 2714 1219 2762 (=
1244 2715 1285 2751 ἐκ
1308 2716 1375 2751 σοῦ
1396 2713 1468 2765 γὰρ
1491 2718 1599 2765 γένος
1621 2717 1739 2766 ἐσμέν

290 2779 490 2817 Kleanthes
513 2791 571 2824 ap.
598 2780 700 2815 Stob.
724 2781 854 2826 Eclog.
881 2781 987 2825 phys.
1013 2793 1050 2827 p·
1065 2783 1087 2817 8
1112 2781 1169 2817 ed.
1195 2781 1388 2826 Meineke),
