1984 3332
956 181 1011 223 23

255 306 369 349 ferat
396 306 730 363 etymologicam
762 305 1114 363 explicationem.
1160 304 1301 348 Etiam
1331 304 1446 361 apud
1473 302 1712 347 Homerum

258 391 409 421 vocem
438 373 583 421 Ἑλένα
611 378 799 435 vestigia
825 377 1070 433 reliquisse,
1111 392 1220 434 quae
1252 377 1288 420 si
1319 376 1634 435 persequimur,
1663 376 1711 418 li-

250 454 369 490 terae
400 450 610 491 Aeolicae
653 450 814 501 favent,
856 448 1067 504 colligere
1112 448 1320 491 debemus
1358 463 1381 489 e
1420 446 1709 503 productione

251 521 394 565 brevis
433 521 627 577 syllabae
657 520 701 563 in
730 520 903 564 literam
933 534 1162 564 consonam
1204 519 1452 575 desinentis,
1497 533 1627 576 quam
1663 518 1710 561 in

251 598 368 634 certa
397 591 582 635 formula
609 597 708 633 ante
733 604 893 633 nomen
919 587 1063 633 Ἑλένα
1090 591 1332 635 invenimus
1360 591 1435 632 cf.:

381 661 520 704 1'329.
550 661 645 713 δῖος
673 655 965 716 Ἀλέξανδρός,
997 659 1180 718 Εελένης
1209 656 1340 712 πόσις
1366 653 1592 717 ἠυκόμοιο.

255 733 454 776 Eundem
485 747 656 775 versum
682 733 814 775 habes
847 736 895 774 H
909 733 1004 775 255.
1037 734 1075 775 Θ
1096 733 1163 775 82.

381 807 437 849 cf.
467 810 514 848 N
523 806 615 848 766.
645 805 741 848 δῖον
755 799 1045 860 Ἀλέξανδρόν
1063 805 1236 861 πελένης
1256 801 1388 848 πόσιν
1416 800 1630 861 ἠυκόμοιο

383 879 436 919 Λ
444 877 540 920 369.
568 871 703 933 αὐτὰρ
731 876 1021 933 Ἀλέξανδρός
1050 876 1223 934 Ὲελένης
1253 874 1385 928 πόσις
1411 872 1621 934 ἠυκόμοιο

380 953 432 992 Λ
439 950 534 993 505.
564 949 603 994 εἰ
622 948 680 1008 μὴ
701 945 991 1007 Ἀλέξανδρός
1004 950 1178 1007 ι-ελένης
1206 947 1339 1001 πόσις
1364 945 1574 1007 ἠυκόμοιο
1591 952 1637 1001 ¹).

253 1022 409 1079 Longa
442 1022 611 1078 syllaba
638 1029 737 1065 ante
765 1020 908 1079 Ἑλένη
937 1022 1194 1080 producitur
1225 1026 1283 1075 X,
1301 1022 1394 1064 114.

621 1095 693 1138 καὶ
723 1111 795 1138 ,τοι
823 1092 1090 1150 ὗπόσχωμαῐ
1118 1095 1291 1150 ,τελένην

380 1166 672 1219 Quamobrem
714 1183 778 1222 ea,
820 1183 929 1224 quae
960 1167 1124 1212 Christ:
1176 1166 1275 1222 (Gr.
1321 1166 1501 1209 Ltlehre
1541 1180 1585 1223 p.
1613 1166 1708 1214 173)

253 1236 307 1278 de
339 1237 514 1280 nomine
540 1236 685 1283 Ἑλένα
713 1240 923 1297 disputat:
978 1236 1123 1282 Ἑλένα
1159 1239 1235 1281 kat
1280 1239 1349 1281 bei
1379 1237 1542 1280 Homer
1582 1237 1707 1279 keine

252 1307 372 1366 Spur-
403 1310 474 1351 des
503 1309 735 1366 Diqamma
763 1309 1062 1362 hinterlassen,
1091 1315 1209 1352 certo
1239 1309 1520 1351 fundamento
1548 1314 1708 1352 carent.

384 1382 514 1434 Quod
559 1380 618 1422 M.
637 1379 798 1421 Miiller
824 1380 901 1422 Le.
933 1395 974 1436 p.
991 1380 1087 1433 437,
1115 1386 1290 1422 auctore
1322 1378 1577 1421 PriscianoI
1598 1378 1706 1434 p.22

253 1451 401 1507 (quem
432 1451 576 1493 locum
604 1456 756 1492 tractat
787 1450 882 1491 Ahr
901 1449 1034 1493 Diall.
1052 1449 1076 1491 Ι
1103 1463 1144 1505 p.
1164 1449 1237 1501 30)
1282 1448 1439 1501 firmat,
1468 1466 1493 1492 a
1522 1449 1705 1492 Graecis

253 1521 379 1564 etiam
393 1521 453 1564 ibi
480 1521 696 1578 digamma
713 1521 900 1578 positum
927 1522 1074 1575 fuisse,
1107 1521 1178 1563 ubi
1206 1522 1357 1564 literae
1383 1521 1569 1564 initiales
1599 1538 1632 1565 s.
1664 1528 1707 1564 et

244 1593 279 1647 j.
308 1591 489 1634 amissae
518 1598 653 1645 erant,
690 1593 749 1635 ita
777 1598 825 1634 ut
850 1607 873 1635 e
902 1592 1136 1649 digammO,
1188 1607 1272 1648 quo
1310 1593 1548 1635 instructae
1575 1607 1707 1635 voces

250 1663 376 1705 nobis
406 1679 431 1704 a
463 1663 752 1719 grammaticis
782 1663 1030 1718 traduntur,
1059 1663 1168 1706 nihil
1198 1664 1304 1706 certi
1332 1664 1386 1706 de
1409 1664 1538 1706 huius
1555 1664 1708 1706 literae

250 1734 293 1776 vi
322 1734 581 1779 concludere
625 1734 852 1793 possimus,
895 1735 979 1779 nisi
1019 1735 1195 1792 linguae
1239 1741 1446 1791 cognatae
1484 1735 1585 1778 huic
1620 1736 1705 1793 spi-

250 1805 363 1847 ranti
402 1805 561 1859 favent,
600 1819 763 1861 negare
794 1820 881 1847 non
909 1821 1152 1864 possumuS,
1192 1805 1470 1863 paucissimas
1499 1820 1630 1848 voces
1659 1806 1705 1848 in

253 1876 423 1920 Graeca
465 1877 617 1932 lingua
658 1877 858 1932 inveniri,
882 1866 1024 1933 quae,
1066 1878 1150 1920 nisi
1190 1892 1324 1934 prave
1362 1877 1549 1920 traditae
1594 1884 1706 1932 sunt,

251 1947 360 1989 hanc
405 1948 660 1990 sententiam
704 1949 874 1990 firmare
923 1948 1139 1991 videntur.
1217 1949 1297 1993 Sin
1341 1956 1484 1991 autem
1528 1950 1705 2006 linguae

252 2024 459 2078 cognatae
488 2034 551 2075 ea,
590 2035 698 2076 quae
729 2020 1000 2078 grammatici
1031 2021 1085 2064 de
1117 2021 1336 2078 digammo
1366 2022 1490 2065 nobis
1519 2021 1705 2065 tradide-

250 2097 364 2147 runt,
394 2092 580 2148 firmant,
619 2108 707 2136 non
743 2098 808 2137 est
835 2094 952 2151 quod
982 2093 1036 2137 de
1068 2094 1159 2138 eius
1188 2094 1441 2138 auctoritate
1475 2093 1704 2137 dubitatio-

249 2177 327 2206 nes
364 2178 624 2206 moveamus.
693 2165 782 2207 Eae
824 2180 968 2219 voces,
1015 2180 1118 2221 quas
1160 2167 1218 2211 M.
1258 2166 1420 2209 Miiller
1458 2166 1611 2219 attulit,
1654 2172 1704 2208 ut

251 2234 469 2290 digamma
497 2235 626 2278 etiam
653 2251 831 2279 munere
860 2236 1062 2294 spirantis
1090 2236 1243 2280 literae
1275 2254 1294 2279 s
1323 2237 1448 2294 fungi
1477 2250 1605 2294 posse
1626 2235 1698 2278 de-

252 2313 476 2362 monstret,
504 2308 614 2349 nihil
637 2309 796 2351 valent.
824 2326 853 2351 J·-
881 2309 997 2351 enim
1023 2309 1068 2350 in
1095 2324 1205 2351 voce
1230 2309 1308 2362 fe}
1338 2328 1383 2346 =
1404 2310 1476 2350 lat.
1507 2322 1586 2350 sex
1615 2322 1703 2349 non

251 2391 275 2419 e
304 2393 324 2420 s
353 2384 495 2421 ortum
526 2385 603 2434 est,
641 2380 718 2422 sed
747 2395 826 2438 per
853 2394 899 2423 se
930 2381 1040 2423 bene
1073 2386 1167 2424 stat.
1237 2380 1350 2423 Nam
1378 2380 1466 2435 Ὲέξ,
1493 2379 1612 2422 cuius
1642 2379 1703 2421 di-

249 2463 424 2503 gamma
453 2449 498 2491 in
527 2450 682 2493 tabulis
712 2451 1077 2493 Heracleensibus
1107 2451 1233 2493 certis
1264 2451 1521 2493 testimoniis
1560 2451 1700 2493 firma-

252 2523 321 2561 tur
360 2518 414 2562 cf.
443 2516 689 2576 ι-εξηκόντα,
729 2518 993 2577 agamiam,
1034 2521 1163 2565 ι-έκτα
1203 2522 1259 2565 cf.
1287 2521 1554 2577 Savelsberg
1589 2521 1634 2573 (l.
1663 2536 1698 2563 c.

381 2687 417 2731 1)
443 2687 498 2722 De
528 2697 681 2723 caesura
708 2687 971 2734 semiquinaria
999 2688 1090 2734 quid
1112 2688 1351 2725 iudicandum
1374 2689 1435 2731 sit,
1456 2688 1594 2732 videas,
1608 2700 1702 2735 quae

249 2750 290 2786 in
316 2750 434 2786 altera
456 2753 564 2797 parte
588 2751 814 2797 quaestionis
837 2752 1022 2799 leguntur.
1058 2803 1062 2805 Β
