1984 3332
962 193 1040 237 108

269 331 355 374 gua
387 316 642 360 sanskritica
669 330 732 372 „e,
763 330 822 371 se,
842 316 909 358 te“
929 316 982 360 ab
1009 316 1319 374 antiquioribus
1351 315 1502 359 formis
1532 315 1611 371 „ai‚
1644 314 1717 369 sai,

272 388 370 441 taif‘
405 402 512 445 quae
543 388 682 430 adhuc
710 388 755 429 in
784 387 957 444 hymnis
976 388 1139 432 vcdicis
1163 389 1456 441 inveniuntur,
1476 393 1604 444 atque
1620 402 1719 429 con-

273 459 464 503 iunctivo
494 459 775 502 describendo
807 459 1063 515 inserviunt,
1095 460 1346 504 derivandae
1384 473 1478 503 esse
1507 449 1716 511 ostendat,

277 538 407 587 atque
440 531 505 573 his
535 531 683 573 formis
712 531 981 589 plenioribus
1013 532 1201 576 Graecas
1233 530 1601 574 terminationibus
1628 546 1718 585 μαι,

275 618 359 657 σαι,
396 619 478 656 ται,
523 609 757 661 comparet,
797 603 1119 646 terminationes
1151 603 1423 647 secundarias
1454 610 1520 657 „ta
1548 609 1591 644 ct
1620 601 1717 643 nta“

272 690 295 718 e
326 677 396 729 „te
426 682 468 717 et
497 677 593 717 nte“
623 675 836 731 originem
866 676 1039 720 duxisse
1078 676 1358 727 demonstrat,
1397 677 1456 718 ita
1484 681 1531 717 ut
1562 674 1658 728 „ta“
1691 688 1715 717 e

270 748 311 790 te
341 746 387 802 (i.
417 761 452 790 e.
483 753 526 789 ta
547 758 583 793 4-
607 747 639 802 ἰ)
670 753 881 798 oreretur,
925 762 1023 790 cum
1054 748 1067 791 i
1108 748 1387 792 amitteretur.
1448 747 1544 802 Qua
1575 761 1630 789 ex
1653 761 1718 789 ar-

270 818 592 874 gumentatione
623 818 844 876 perlucide
873 826 1066 875 apparet‚
1086 820 1278 863 Graecas
1309 819 1644 872 terminationes,
1673 818 1717 859 in

269 906 320 933 το
352 896 394 932 et
422 905 494 933 ντο
525 896 747 944 exeuntes,
776 905 798 932 e
827 906 896 934 τοι
923 896 966 933 et
994 907 1085 935 ντοι
1114 898 1228 935 ortas
1260 906 1365 935 esse.
1443 891 1593 947 Itaque
1632 904 1718 933 non

270 961 430 1014 dubito,
461 962 573 1003 hanc
601 962 927 1021 proportionem
959 969 1170 1006 statuere:

535 1051 622 1093 skr.
649 1052 706 1096 ai:
735 1068 779 1095 αι
814 1070 859 1089 =
893 1053 936 1095 te
964 1052 1010 1107 (i.
1045 1067 1079 1096 e.
1110 1059 1153 1095 ta
1173 1065 1207 1097 -ι-
1233 1054 1292 1108 ἰ);
1322 1052 1440 1107 το(ι).

400 1138 555 1197 Neque
585 1140 710 1182 aliter
738 1154 809 1183 res
836 1155 882 1183 se
911 1141 1042 1184 habet
1070 1141 1115 1183 in
1143 1140 1445 1183 terminatione
1477 1137 1718 1196 imperativi

271 1226 339 1264 σο,
370 1227 496 1269 quam
527 1212 694 1255 duobus
722 1212 829 1255 locis
859 1213 903 1255 in
934 1213 1052 1255 hiatu
1080 1214 1262 1270 positam
1290 1212 1554 1254 invenimus:

533 1311 586 1348 A
597 1307 689 1349 565.
722 1301 810 1349 ἀλλ’
843 1305 1028 1350 ἀκέουσα
1055 1304 1243 1363 κάθησο,
1277 1306 1367 1364 ἐμῷ

533 1380 576 1422 Δ
597 1378 690 1421 412.
721 1378 858 1429 τέττα,
889 1381 1035 1438 σιωπῇ
1063 1370 1144 1436 ἧσο
1178 1378 1267 1436 ἐμῷ

405 1467 528 1509 Haec
556 1466 812 1521 terminatio,
830 1482 938 1524 quae
972 1473 1037 1510 est
1061 1467 1106 1510 in
1137 1467 1286 1522 lingua
1315 1464 1565 1508 sanskritica
1593 1465 1717 1518 „sva“

273 1539 333 1590 (in
362 1538 526 1581 vedicis
551 1538 725 1595 hymnis
745 1541 903 1594 „sva“)‚
922 1554 943 1581 e
963 1555 1063 1582 oJ-ac
1092 1538 1326 1582 derivanda
1358 1544 1434 1592 est,
1462 1552 1556 1581 cum
1587 1537 1630 1579 vi
1659 1536 1718 1578 di-

274 1611 433 1665 gammi
465 1611 591 1653 litera
623 1626 646 1652 a
673 1611 719 1652 in
743 1626 766 1654 o
784 1612 1091 1665 debilitaretur,
1122 1611 1182 1653 ita
1210 1617 1258 1653 ut
1283 1625 1354 1654 σοι
1381 1610 1408 1653 i.
1425 1624 1462 1652 e.
1491 1624 1590 1652 ofat
1621 1622 1718 1651 ean-

274 1683 373 1725 dem
404 1682 593 1739 speciem
625 1697 729 1739 prae
762 1697 807 1724 se
848 1683 994 1733 ferret,
1045 1698 1172 1740 quam
1219 1682 1460 1724 terminatio
1507 1681 1719 1723 secundae

273 1767 483 1811 personae
524 1754 716 1811 praebet,
761 1767 888 1809 quam
934 1753 977 1795 in
1008 1753 1273 1810 temporibus
1303 1752 1564 1795 secundariis
1596 1766 1619 1794 e
1649 1765 1720 1794 σοι

274 1831 410 1867 ortam
441 1840 535 1867 esse
561 1825 763 1867 Kuhnius
794 1825 838 1875 (l.
867 1840 901 1867 c.
930 1840 971 1882 p.
986 1825 1086 1877 419)
1116 1824 1437 1868 demonstravit.

408 1895 529 1947 Quae
553 1911 623 1939 res
654 1913 749 1939 oum
779 1897 836 1939 ita
867 1898 936 1951 sit,
963 1896 1064 1938 illae
1102 1896 1402 1954 productiones
1436 1896 1628 1951 syllabae
1654 1910 1719 1949 το,

277 1983 382 2025 quas
410 1968 525 2027 apud
550 1969 789 2012 Homerum
821 1968 1075 2023 invenimus,
1114 1983 1200 2010 non
1236 1968 1280 2009 in
1316 1982 1542 2011 numerum
1581 1966 1720 2009 durio-

275 2055 368 2081 rum
400 2040 667 2095 redigendae
710 2048 822 2093 sunt,
868 2040 940 2082 sed
981 2040 1266 2095 antiquiorem
1308 2041 1489 2081 formam
1524 2054 1718 2081 servasse

275 2111 397 2154 nobis
428 2111 734 2154 existimandae
765 2118 874 2154 sunt.
943 2110 1010 2154 Ex
1041 2127 1083 2154 οι
1112 2110 1223 2153 enim
1252 2119 1276 2155 ὃ
1307 2116 1517 2164 oreretur,
1543 2123 1720 2153 necesse

275 2191 382 2238 erat,
413 2186 661 2241 priusquam
691 2185 796 2227 haec
820 2184 981 2227 vocalis
1011 2185 1186 2227 brevem
1206 2199 1251 2226 se
1266 2183 1489 2241 praestitit.
1515 2183 1563 2226 Si
1578 2188 1718 2225 autem

274 2255 411 2298 literis
428 2272 478 2299 το
496 2256 729 2313 antiquitus
748 2256 923 2312 longam
941 2255 1152 2311 syllabam
1182 2255 1391 2298 contineri
1424 2260 1602 2309 constat,
1635 2254 1718 2297 hia-

276 2335 357 2383 tus,
389 2328 461 2386 qui
490 2328 556 2370 his
587 2328 960 2370 terminationibus
989 2343 1040 2370 το
1072 2334 1114 2369 et
1143 2343 1216 2370 ντο
1247 2327 1447 2381 efficitur,
1476 2341 1499 2369 e
1529 2328 1719 2369 firmiore

272 2407 422 2443 natura
450 2401 612 2443 vocalis
640 2417 663 2443 o
694 2400 846 2444 iustam
870 2400 1029 2458 repetit
1056 2399 1389 2443 excusationem.

405 2473 546 2515 Etiam
561 2488 584 2515 ο
600 2472 792 2527 genetivi
822 2473 866 2513 in
894 2487 962 2514 οιο
980 2472 1215 2514 desinentis
1234 2478 1384 2515 natura
1401 2472 1552 2515 fortius
1572 2472 1721 2525 fuisse,

271 2546 331 2587 ita
358 2551 405 2587 ut
430 2544 605 2598 hiatum,
650 2543 694 2586 in
724 2559 806 2600 quo
841 2545 951 2587 hanc
986 2544 1328 2587 terminationem
1372 2544 1618 2602 saepissime
1657 2543 1717 2585 in·

272 2616 480 2671 venimus,
520 2616 681 2674 optime
715 2617 829 2659 ferre
862 2622 1021 2673 posset,
1061 2617 1227 2672 origine
1271 2617 1394 2659 huius
1423 2616 1615 2672 genetivi
1641 2615 1721 2659 de-

270 2697 510 2735 monstrare
542 2704 780 2747 possumus.

401 2765 455 2807 In
484 2777 660 2806 caesura
694 2762 913 2806 trochaica
941 2762 1065 2821 pedis
1094 2763 1209 2806 tertii
1236 2763 1379 2806 hiatus
1409 2769 1546 2807 extat:
