1984 3332
973 185 1055 228 100

285 306 457 349 relativi
486 307 521 349 si
551 308 819 365 respicimus,
859 308 1125 364 Savelsberg
1156 308 1310 364 (Kuhn
1341 308 1511 351 Ztschr.
1536 308 1649 352 VIII
1689 323 1728 365 p.

284 378 525 436 401—415)
558 394 581 423 e
610 380 748 424 forma
776 376 885 435 fidu,
921 394 1031 438 quae
1062 379 1277 435 digammo
1309 380 1518 423 instructa
1545 386 1663 424 extat
1689 379 1732 422 in

285 450 568 507 inscriptione
597 451 780 495 Locrica
810 467 834 493 a
865 451 1016 494 Rossio
1048 467 1083 495 a.
1103 452 1211 494 1854
1239 452 1367 506 edita,
1396 466 1635 508 pronomen
1667 465 1733 496 re·

284 522 461 565 lativum
489 523 618 566 litera
648 524 829 567 Aeolica
856 523 1101 581 praeditum
1129 524 1260 567 fuisse
1293 524 1588 566 demonstrare
1626 523 1733 565 vult.

286 594 397 638 Cum
433 595 544 638 enim
574 610 597 638 e
627 596 760 654 stirpe
793 596 1061 652 pronominis
1090 595 1402 651 interrogativi,
1444 609 1553 652 quae
1594 601 1657 638 est
1689 595 1733 637 in

285 666 437 722 lingua
473 667 727 710 sanskritica
756 668 879 721 „ka‚“
911 668 1091 711 latinum
1126 669 1263 726 „quo“
1293 668 1336 709 in
1370 668 1525 723 „quod,
1556 665 1732 724 quoius“

286 744 427 780 ortum
460 754 554 781 esse
585 740 797 792 ostendat,
829 740 956 781 etiam
976 739 1186 782 eiusmodi
1205 740 1384 782 formam
1410 739 1582 795 linguae
1599 737 1734 780 Grae-

289 824 362 851 cae
393 809 800 854 tribuere'conatur.
865 810 923 855 Ut
948 811 1064 853 enim
1094 811 1148 853 ad
1179 827 1256 862 ρος
1286 810 1525 869 perveniat,
1554 809 1732 852 formam

287 881 550 938 primitivam
577 897 681 932 usog-
708 882 870 936 statuit,
914 896 937 924 e
974 897 1059 937 qua
1087 883 1212 925 litera
1241 899 1266 924 κ
1295 883 1446 925 amissa
1474 897 1552 932 sog
1593 887 1733 923 ortum

287 968 382 997 esse
414 954 667 1012 suspicatur.
704 952 792 997 Sed
821 953 921 997 huic
951 954 1209 997 derivationi
1238 954 1347 997 illud
1366 967 1612 1011 repugnare
1632 950 1734 995 mihi

284 1027 468 1079 videtur,
512 1027 626 1083 quod
667 1026 711 1067 in
745 1027 917 1070 Graeca
964 1028 1113 1083 lingua
1157 1043 1243 1069 non
1287 1026 1434 1069 inveni
1475 1025 1735 1082 exemplum,

290 1114 372 1155 quo
405 1098 561 1140 fortem
591 1097 761 1140 literam
791 1114 817 1140 κ
837 1105 937 1141 ante
952 1099 1071 1141 illam
1088 1099 1346 1141 imbecillam
1370 1097 1600 1155 spirantem
1618 1095 1731 1138 Aeo-

284 1169 407 1211 licam
437 1170 524 1210 vim
557 1184 674 1210 suam
706 1183 883 1225 prorsus
907 1170 1099 1212 amisisse
1122 1170 1452 1211 demonstratur.
1482 1167 1618 1209 Multo
1640 1167 1732 1208 veri

284 1240 462 1282 similius
492 1246 597 1293 erat,
638 1240 809 1282 literam
833 1241 1097 1296 gutturalem
1126 1241 1257 1283 vitam
1301 1254 1507 1292 servasse,
1553 1253 1648 1279 cum
1684 1238 1727 1278 li-

282 1318 377 1351 tera
419 1311 585 1352 labialis
615 1312 894 1354 amitteretur.
967 1311 1155 1354 Accedit
1184 1318 1326 1352 autem
1355 1310 1470 1352 aliud
1500 1324 1733 1363 argumen—

284 1390 399 1436 tum;
430 1389 594 1425 constat
626 1383 739 1425 enim
771 1383 816 1425 in
844 1382 918 1425 illa
946 1382 1129 1426 Locrica
1158 1381 1441 1439 inscriptione
1461 1381 1616 1424 multos
1646 1380 1733 1423 exi-

285 1461 399 1496 stere
426 1455 667 1511 scripturae
699 1469 882 1508 errores,
929 1454 1112 1496 fortasse
1141 1454 1304 1496 incuria
1333 1453 1560 1511 sculptoris
1603 1459 1732 1506 ortos,

287 1527 345 1568 ita
374 1533 422 1568 ut
455 1527 620 1569 formae
649 1523 746 1570 fo'm
777 1542 861 1569 non
895 1542 1092 1582 magnam
1138 1526 1267 1568 fidem
1317 1526 1474 1568 habere
1521 1525 1731 1582 possimus

281 1599 335 1640 cf.
354 1597 474 1641 Gurt.
505 1614 546 1655 p.
567 1599 660 1641 354.
690 1599 740 1641 Si
768 1599 1019 1655 inspicimus
1045 1599 1204 1640 formas
1221 1602 1401 1640 Ιῖοσσωι
1439 1604 1481 1638 et
1498 1600 1729 1649 Ροσσακις,

283 1685 387 1726 quas
415 1670 680 1725 Savelsberg
710 1671 738 1713 l.
770 1686 805 1712 c.
835 1686 877 1727 p.
897 1670 980 1712 414
1012 1684 1034 1711 e
1078 1669 1232 1712 tabulis
1262 1667 1629 1711 Heracleensibus
1671 1673 1728 1709 at-

287 1741 396 1794 tulit,
445 1741 515 1783 hic
547 1745 588 1782 1²-
622 1747 787 1783 tantum
820 1741 990 1798 spiritui
1030 1754 1182 1797 aspero
1227 1739 1509 1781 describendo
1539 1738 1731 1791 inservit,

285 1827 382 1854 cum
400 1813 609 1866 dig-ammi
625 1812 798 1867 signum
814 1812 858 1854 in
879 1812 945 1854 his
954 1812 1111 1853 tabulis
1128 1811 1234 1853 hanc
1252 1812 1457 1867 praebeat
1468 1809 1672 1867 speciem:
1696 1807 1731 1852 E

283 1884 360 1937 (cf.
393 1882 516 1926 Pohl.
550 1884 576 1925 l.
608 1899 644 1925 c.
681 1884 796 1940 p.10
830 1883 1062 1935 Anm.42.)
1126 1883 1276 1938 Itaque
1319 1897 1415 1924 cum
1446 1898 1473 1924 fi
1501 1883 1546 1923 in
1574 1896 1727 1939 prono-

285 1955 400 1996 mine
431 1955 613 1997 relativo
645 1970 730 1996 non
761 1955 946 1996 valuisse
977 1954 1081 1995 mihi
1112 1969 1364 2010 persuasum
1389 1955 1456 2007 sit,
1478 1955 1731 1996 sententiam

289 2041 438 2068 eorum
470 2027 661 2068 virorum
695 2026 918 2070 doctorum
951 2027 1201 2084 amplector,
1240 2027 1310 2083 qui
1351 2040 1587 2084 pronomen
1625 2027 1731 2068 rela—

284 2099 421 2140 tivum
453 2099 506 2140 ad
537 2099 719 2141 eandem
753 2100 929 2156 stirpem
960 2098 1166 2153 referunt,
1197 2114 1304 2154 quae
1335 2106 1400 2141 est
1419 2099 1463 2142 in
1479 2098 1730 2142 sanskritico

284 2171 417 2224 „yas“
459 2171 515 2211 cf.
549 2170 669 2213 Curt.
705 2186 746 2227 p.
763 2170 857 2211 354.
917 2170 1028 2212 Pott.
1057 2170 1124 2211 Et.
1156 2171 1366 2226 Forschg.
1386 2171 1432 2211 Π
1466 2186 1507 2228 p.
1526 2171 1620 2213 366.
1681 2171 1730 2213 L.

283 2241 440 2296 Meyer
472 2241 576 2297 Vgl.
609 2241 730 2285 Gaui
756 2257 799 2299 p.
819 2242 912 2284 333.
973 2240 1080 2284 Cum
1122 2248 1262 2284 autem
1305 2242 1477 2298 spiritus
1510 2256 1635 2298 asper
1663 2258 1684 2284 e
1712 2243 1730 2298 j

283 2311 508 2369 prodierit,
539 2328 624 2355 non
645 2313 808 2368 dubito,
837 2314 939 2370 quin
966 2313 1167 2355 metricae
1186 2313 1460 2355 difficultates
1479 2313 1731 2369 pronomine

283 2382 470 2425 relativo
502 2389 620 2425 ortae
646 2383 771 2426 litera
799 2383 989 2441 spiranti,
1036 2397 1143 2441 quae
1174 2391 1239 2425 est
1266 2384 1473 2440 palatalis,
1516 2391 1732 2427 sanentur.

286 2457 319 2494 A
353 2455 486 2510 stirpe
511 2456 780 2512 pronominis
809 2455 977 2497 relativi
1010 2454 1291 2497 derivandum
1309 2470 1402 2498 esse
1426 2456 1644 2499 Graecum
1663 2457 1733 2499 ἵνα

279 2540 366 2583 iam
400 2525 603 2568 viderunt
634 2527 826 2582 Benfey:
857 2526 1002 2571 Gloss.
1033 2543 1067 2571 z.
1098 2526 1232 2570 Skrit.
1251 2526 1491 2570 Chrestom.
1521 2544 1562 2586 p.
1577 2528 1659 2571 248
1690 2534 1734 2571 et

283 2598 460 2641 Curtius
477 2599 608 2650 (KZ.
621 2600 685 2641 V1
701 2615 741 2654 p.
753 2600 837 2653 93).
859 2600 1079 2642 vocabulo
1090 2600 1160 2641 ἵνα
1174 2601 1731 2643 contineriinstrumentalis

283 2672 464 2715 formam
482 2686 532 2714 ea
550 2687 593 2715 re
613 2671 812 2727 efficitur,
830 2671 942 2730 quod
966 2672 1217 2717 sanskritico
1244 2674 1421 2731 „yena‚“
1441 2678 1637 2717 accurate
1666 2687 1730 2716 re·

281 2743 477 2801 spondet.
520 2744 589 2784 ἵνα
620 2759 641 2784 e
681 2745 798 2800 yma,
827 2746 852 2786 i.
885 2760 922 2788 c.
951 2749 1062 2801 yanss
1092 2753 1232 2787 ortum
1271 2753 1346 2787 est.
1393 2747 1444 2787 cf.
1475 2746 1732 2787 Schleicher
