1984 3332
5 637 30 833 j‘w-vae*
0 481 29 628 &l
8 447 12 450 ’

0 845 40 1078 ΑΧ-Ᾰῆχ

970 176 1050 219 138

281 302 324 338 et
352 312 406 338 κα
432 298 459 339 i.
493 311 529 339 e.
556 312 617 339 τε.
660 295 881 352 particulis
920 295 1188 338 sanskriticis
1231 295 1339 350 „ca‘·‘
1370 301 1414 337 et
1443 295 1587 351 „gha“
1618 308 1731 338 com-

282 367 473 425 paranda
502 375 612 410 sunt.
675 367 769 409 Iam
801 381 896 409 cum
927 372 1108 420 constet,
1156 365 1375 410 Graecum
1413 382 1442 409 α
1480 367 1610 409 finale
1640 373 1731 410 tum

283 437 537 481 sanskritico
567 439 647 492 „a“
678 437 960 494 respondere,
1004 452 1098 480 cum
1143 437 1252 480 duae
1291 437 1395 480 illae
1423 437 1596 480 vocales
1623 452 1679 482 ex
1708 453 1734 481 a

282 510 492 568 producto
537 516 655 553 ortae
702 509 799 561 sint,
842 524 930 551 non
975 509 1112 551 solum
1155 509 1434 552 sanskriticae
1481 510 1557 553 sed
1604 509 1732 552 etiam

283 581 480 626 Graecae
510 581 685 636 linguae
716 581 793 622 has
822 580 984 623 formas
1012 582 1186 636 longam
1219 581 1412 623 vocalem
1443 581 1524 635 „a“
1550 595 1657 638 prae
1686 595 1732 622 se

282 655 474 696 ferentes
506 654 773 695 vindicemus
805 667 984 695 necesse
1015 659 1097 705 est;
1128 652 1303 707 linguae
1331 652 1507 694 Indicae
1538 652 1573 694 si
1602 652 1729 694 ratio—

282 739 381 767 nem
411 725 634 779 habemus,
678 724 820 767 adhuc
850 724 968 780 „gha
999 731 1041 767 et
1071 724 1148 766 ca‘⁴
1188 723 1232 765 in
1268 723 1443 778 hymnis
1482 722 1646 766 vedicis
1674 722 1733 765 le-

281 802 457 852 guntur,
488 797 540 838 ef.
559 796 706 838 Kuhn.
725 796 873 852 Xva.
891 796 987 848 403,
1006 811 1087 852 qua
1116 810 1171 837 ex
1189 809 1236 837 re
1267 796 1462 837 videmus
1494 795 1581 850 gha
1613 800 1657 836 et
1683 810 1734 837 ca

282 881 306 909 e
330 868 420 922 gh&
464 874 507 910 et
538 870 588 909 ca
616 875 710 910 orta
740 883 855 921 esse3
899 868 1094 923 linguam
1125 867 1341 911 Graecam
1384 867 1420 910 si
1463 866 1732 924 respicimus,

281 939 388 981 istae
421 938 745 996 productiones,
791 955 894 997 quas
933 954 1062 997 supra
1106 939 1243 993 attuli,
1283 939 1479 981 vocalem
1508 939 1587 993 „s“
1619 952 1674 980 ex
1705 955 1730 980 a

283 1018 435 1064 ortam,
468 1012 776 1067 antiquissimis
807 1013 1075 1069 temporibus
1103 1012 1148 1054 in
1181 1011 1367 1054 dialecto
1383 1010 1615 1053 Homerica
1641 1011 1732 1053 lon-

282 1097 384 1138 gam
415 1082 548 1126 fuisse
579 1083 704 1125 nobis
736 1083 981 1136 ostendunt,
1010 1098 1093 1140 qua
1121 1096 1176 1125 ex
1205 1096 1268 1138 re,
1300 1082 1450 1138 lingua
1476 1082 1628 1125 Indica
1660 1081 1733 1124 ad-

281 1155 474 1210 iuvante,
515 1156 741 1213 perlucide
775 1162 968 1213 apparet,
1010 1172 1030 1198 ε
1075 1156 1333 1214 productum
1373 1170 1430 1199 ex
1465 1171 1490 1197 a
1518 1155 1733 1213 producto

282 1227 497 1282 originem
529 1227 718 1270 duxisse·
757 1228 990 1271 Praeterea
1019 1228 1172 1271 Latina
1199 1227 1409 1284 particula
1437 1228 1595 1285 „que“,
1624 1241 1733 1283 quae

282 1298 476 1341 eiusdem
508 1299 689 1354 osiginis
722 1305 786 1341 est
813 1315 863 1342 ac
894 1301 995 1354 ,,τε“
1042 1300 1115 1354 (cf.
1145 1299 1266 1342 Curt.
1296 1314 1337 1356 p.
1358 1298 1474 1353 428),
1515 1299 1561 1340 in
1588 1304 1734 1341 nostra

281 1370 537 1426 quaestione
568 1371 692 1413 nobis
723 1386 810 1412 non
842 1378 907 1413 est
937 1371 1229 1428 neglegenda.
1299 1371 1399 1414 Non
1444 1371 1559 1412 enim
1593 1371 1732 1412 solum

278 1442 325 1482 in
354 1441 528 1496 antiqua
556 1441 812 1484 Latinorum
843 1443 977 1499 poesi,
1020 1443 1097 1485 sed
1141 1443 1267 1484 etiam
1295 1442 1409 1499 apud
1450 1448 1616 1498 poetas,
1660 1442 1734 1498 qui

279 1512 473 1567 Augusti
503 1512 772 1569 temporibus
815 1513 1041 1567 florebant,
1083 1513 1228 1570 ‚,que“
1264 1513 1522 1571 productum
1568 1513 1732 1555 inveni-

279 1598 389 1638 mus,
418 1584 477 1625 ita
509 1590 557 1625 ut
589 1584 728 1626 forma
757 1584 967 1640 producta
997 1585 1123 1627 huius
1153 1584 1390 1641 particulae
1414 1584 1630 1640 antiquior
1656 1584 1730 1627 ha·

277 1656 422 1698 benda
450 1656 505 1698 sit
534 1657 591 1698 cf.
625 1656 815 1699 Oorssen
845 1655 872 1699 l.
906 1673 939 1699 c.
972 1657 992 1699 I
1021 1673 1063 1714 p.
1079 1657 1175 1700 336.
1192 1657 1285 1700 337.

412 1727 533 1780 Quae
563 1735 819 1782 argumenta
849 1729 883 1771 si
914 1728 1251 1781 consideramus,
1285 1728 1414 1773 etiam
1442 1728 1557 1786 apud
1574 1729 1730 1771 Home-

278 1812 375 1839 rum
405 1799 600 1840 vocalem
627 1798 649 1841 ε’
677 1799 723 1841 ἰ11
749 1815 796 1841 τε
825 1806 867 1842 et
897 1815 943 1855 γε
973 1800 1132 1854 longae
1159 1800 1354 1855 syllabae
1383 1814 1629 1842 mensuram
1656 1801 1730 1843 ob-

278 1868 458 1912 tinuisse
487 1870 590 1927 quin
620 1876 868 1925 statuamus,
909 1871 1028 1912 nulla
1067 1886 1116 1913 re
1157 1871 1429 1929 impedimur,
1469 1871 1728 1929 praesertim

279 1954 377 1983 cum
408 1942 489 1983 hac
521 1942 822 1998 explicationis
868 1944 935 1985 via
976 1943 1136 1986 iustum
1165 1943 1373 1986 auxilium
1404 1944 1609 1986 afferatur
1640 1958 1728 1993 me-

276 2010 397 2054 tricis
426 2012 520 2055 istis
550 2012 888 2061 difficultatibus,
918 2028 1023 2071 quas
1052 2028 1099 2057 τε
1132 2020 1175 2057 et
1198 2028 1243 2071 γε
1276 2015 1473 2058 effecisse
1503 2014 1724 2058 videntur.

410 2085 520 2127 Tum
559 2087 748 2128 animum
785 2088 1058 2130 advertamus
1103 2088 1157 2129 ad
1200 2088 1467 2130 accusativos
1505 2104 1559 2141 με
1592 2095 1634 2130 et
1661 2103 1727 2141 σε,

281 2169 387 2212 quos
415 2155 460 2198 in
488 2156 606 2199 hiatu
635 2157 905 2200 invenimus:

410 2238 454 2291 a)
484 2239 528 2280 in
559 2239 645 2281 fine
679 2240 801 2295 pedis
828 2240 977 2296 primi:
1007 2240 1059 2281 cf.
1091 2239 1394 2291 Hoffm.1‚92.

483 2322 626 2365 Y152.
658 2317 771 2380 ἀμφὶ
800 2321 862 2377 σέ,
892 2315 958 2379 ἤιε
994 2324 1144 2377 Φοῖβε.

411 2409 455 2464 b)
481 2410 526 2451 in
556 2424 733 2452 caesura
764 2410 978 2452 trochaica
1010 2410 1201 2453 eiusdem
1231 2409 1353 2467 pedis

477 2502 516 2540 P
538 2500 601 2541 16.
658 2501 721 2541 τῶ
752 2515 806 2553 με
840 2496 903 2542 ἔα.

475 2575 525 2613 X
534 2571 628 2613 339.
657 2568 715 2627 μή
746 2587 801 2625 με
831 2569 894 2615 ἔα.

410 2661 450 2715 c)
483 2659 528 2701 in
561 2673 736 2702 caesura
768 2660 986 2703 trochaica
1001 2661 1124 2717 pedis
1150 2660 1342 2716 secundi,
1372 2660 1446 2716 qui
1475 2659 1618 2702 hiatus
1643 2658 1727 2701 illi-

278 2732 391 2776 citus
417 2738 483 2775 est
511 2732 567 2774 cf.
599 2732 762 2775 Hoffm.
784 2732 820 2783 I,
840 2732 907 2775 93.
