1984 3332
965 183 1020 224 22

269 304 399 347 etiam
442 304 563 347 aliud
609 311 937 362 argumentum,
985 305 1101 361 quod
1145 304 1455 362 comparationi
1502 304 1723 348 nominum

270 376 450 421 Samma
477 382 520 419 et
550 376 723 421 Helena
752 383 982 436 repugnat.
1034 374 1180 421 Ἑλένα
1226 377 1336 420 enim
1382 376 1497 435 apud
1530 376 1724 422 Graecos

270 448 408 489 firmis
451 449 634 492 testibus
675 450 894 505 digammo
933 449 1015 491 fuit
1054 450 1275 492 instructa.
1334 451 1390 492 cf.
1424 449 1533 491 Ahr.
1560 448 1675 491 Dial.
1703 449 1726 490 I

270 535 312 577 p.
334 520 402 563 31.
474 521 552 566 Sic
594 522 723 565 docet
755 521 887 566 Dion.
916 521 1017 565 Hal.
1045 521 1080 565 I.
1112 536 1148 564 c.
1178 521 1244 564 20.
1271 523 1401 566 τοῦτο
1430 519 1657 579 (δίγαμμα)
1687 519 1724 563 δ’

270 584 321 649 ἦν
353 589 505 649 ὥσπερ
535 590 685 650 γάμμα
728 594 893 645 διτταῖς
932 593 1008 636 ἐπὶ
1043 593 1145 648 μίαν
1185 589 1326 650 ὀρθὴν
1371 591 1727 650 ἐπιζευγνύμενον

266 667 369 716 ταῖς
398 665 612 721 πλαγίαις·
672 662 732 717 ὥς
772 664 936 722 πελένη.
985 667 1039 708 cf.
1067 665 1314 722 Tryphon.:
1365 666 1469 721 περὶ
1496 669 1609 709 παθ.
1638 665 1724 719 λεξ.

270 738 309 789 ἓ.
333 737 383 778 11
415 737 708 792 προστίθεται
738 736 786 780 δὲ
813 737 884 779 καὶ
911 734 961 779 τὸ
988 737 1176 792 ὁίγαμμα
1205 734 1327 793 παρά
1355 753 1402 779 τε
1420 731 1611 781 ’Ίωσι-
1629 732 1727 780 οἷον

269 801 388 861 ἷίναξ,
442 805 588 861 πάναξ,
623 805 767 864 Ἑλένη
808 806 970 863 πελένη.
1035 808 1159 850 Idem
1204 809 1333 850 tradit
1366 807 1475 851 Mar.
1513 808 1726 852 Victorin.

270 893 312 936 p.
330 878 453 922 2461.
499 878 723 934 (Putsch):
763 892 841 932 „ea
875 879 1018 933 (litera
1050 878 1098 934 f)
1136 892 1215 936 per
1245 892 1292 921 se
1322 879 1482 937 scripta
1510 893 1598 922 non
1626 878 1728 921 facit

272 951 500 1007 syllabam,
531 951 773 1008 anteposita
807 957 949 993 autem
978 951 1119 993 vocali
1152 950 1266 1005 facit,
1307 956 1355 992 ut
1389 948 1571 1006 fo'cpaaga,
1606 967 1726 1007 fiamq-

270 1018 418 1077 βόλος,
456 1021 649 1078 πελένη.“
710 1022 915 1079 Denique
958 1022 1112 1065 Latino
1146 1021 1377 1076 „Belena,“
1409 1022 1523 1079 quod
1553 1022 1726 1075 Quinct.

272 1095 309 1147 I,
342 1094 382 1135 4.
416 1094 468 1136 15
498 1095 596 1136 loco
627 1094 787 1138 Graeci
831 1093 980 1136 feste'va
1014 1100 1265 1151 usurpatum
1313 1108 1407 1137 esse
1449 1095 1589 1149 docet,
1633 1094 1726 1136 lite-

272 1181 365 1208 ram
395 1165 623 1208 Aeolicam
652 1165 699 1208 in
741 1165 825 1207 hoc
856 1164 1030 1207 nomine
1065 1165 1252 1208 valuisse
1296 1164 1493 1219 efficitur,
1536 1164 1726 1220 idquod

273 1237 400 1279 etiam
429 1237 590 1293 linguis
617 1237 814 1293 cognatis
848 1236 1057 1278 firmatur.
1108 1237 1173 1280 Ea
1193 1236 1334 1290 radix,
1364 1250 1472 1293 quae
1501 1236 1580 1279 sub
1611 1251 1725 1278 sans—

271 1308 427 1350 kritico
478 1308 743 1351 substantivo
800 1308 950 1362 „svar‘·‘
1010 1307 1216 1362 (coelum)
1264 1308 1383 1361 latet,
1441 1308 1486 1361 (i.
1515 1321 1551 1350 e.
1597 1308 1727 1362 svar),

270 1381 385 1436 apud
416 1379 612 1423 Graecos
640 1380 806 1422 duabus
830 1379 979 1421 formis
1009 1386 1175 1422 servata
1206 1386 1284 1422 est.
1339 1379 1492 1421 Altera
1522 1386 1599 1433 est,
1629 1394 1726 1422 cum

270 1466 298 1492 v
328 1451 563 1506 excideret,
605 1466 695 1507 σερ,
732 1451 819 1503 σελ,
866 1466 891 1492 a
921 1465 1005 1507 qua
1042 1450 1176 1507 stirpe
1202 1450 1384 1505 Σείριος,
1427 1450 1552 1502 σέλας
1569 1452 1613 1506 ¹),
1655 1465 1724 1494 σε-

270 1519 373 1579 λήνη
420 1523 632 1580 originem
681 1523 863 1577 ducunt3
900 1523 1061 1576 altera,
1104 1538 1200 1565 cum
1238 1539 1257 1565 s
1297 1522 1575 1578 amitteretur,
1615 1523 1726 1566 hanc

272 1594 466 1651 speciem
492 1608 597 1651 prae
625 1608 672 1636 se
703 1595 808 1636 fert:
858 1609 939 1648 παρ
968 1618 1019 1624 -
1051 1594 1149 1647 πελς
1194 1610 1218 1635 a
1260 1608 1342 1648 qua
1381 1594 1511 1651 stirpe
1536 1594 1728 1651 profecta

272 1665 507 1708 derivanda
545 1671 644 1706 sunt
684 1664 857 1706 nomina
875 1658 996 1718 “Ηρα
1007 1667 1042 1719 ²)
1086 1670 1129 1706 et
1153 1660 1310 1706 (Ἑλένα
1352 1664 1411 1705 ita
1449 1671 1497 1706 ut
1526 1661 1644 1719 ’Ἡρα
1685 1671 1727 1706 et

259 1733 412 1780 Ἕλένα
455 1737 574 1779 vices
602 1737 686 1778 τοῦ
717 1731 858 1791 σῐήρα
888 1741 931 1777 et
961 1734 1138 1778 ofcke'va
1165 1741 1331 1791 gerant.
1375 1735 1475 1779 Non
1503 1735 1627 1778 aliter
1656 1750 1726 1779 res

271 1823 317 1851 se
348 1808 480 1849 habet
509 1807 555 1849 in
588 1806 759 1851 Graeco
790 1807 924 1848 verbo
954 1803 1101 1861 σιγάω,
1136 1807 1251 1863 quod
1281 1807 1317 1848 si
1364 1807 1459 1863 ῥίγα
1494 1808 1612 1849 vices
1648 1809 1727 1849 τοῦ

271 1881 370 1935 Ὲίγα
401 1881 428 1921 i.
460 1895 496 1923 e.
526 1880 651 1935 ‹tf-lya
682 1880 845 1922 obtinet
878 1880 934 1921 cf.
966 1880 1086 1922 Ourt.
1113 1893 1154 1934 p.
1172 1879 1267 1931 341,
1309 1879 1436 1921 etiam
1464 1879 1612 1921 literas
1643 1879 1722 1922 ini-

271 1951 393 1993 tiales
428 1951 501 2005 „s“
536 1957 578 1992 et
610 1951 688 2004 „v“
719 1950 882 1993 duabus
913 1950 1061 1992 formis
1092 1950 1292 1992 servavit.
1344 1949 1494 2007 Itaque

354 2019 489 2076 σιγάω
520 2039 529 2065 :
559 2036 652 2077 σειρ
683 2022 792 2077 (σελ)
822 2039 878 2059 =
907 2036 1004 2078 Hya
1030 2022 1073 2077 (i.
1102 2036 1138 2065 e.
1168 2021 1330 2078 on'ya):
1360 2038 1440 2078 5279
1471 2021 1608 2078 (πελ).

402 2094 497 2138 Hac
527 2094 818 2152 etymologica
846 2093 1112 2137 derivatione
1144 2093 1245 2136 satis
1281 2098 1397 2137 certe
1421 2093 1623 2150 efficitur,
1654 2108 1726 2136 no-

276 2181 376 2208 men
414 2166 566 2208 ,τελένα
600 2166 654 2208 ad
683 2166 826 2208 lucem
859 2166 1092 2208 coelestem
1121 2166 1399 2208 referendum
1432 2179 1540 2208 esse.
1615 2165 1727 2207 Nam

277 2238 443 2280 sanskr.
463 2253 574 2292 svar,
597 2252 652 2279 m.
685 2237 868 2292 coelum,
897 2243 940 2280 et
968 2237 1096 2280 radix
1126 2237 1275 2291 „svar“
1305 2236 1524 2279 notionem
1554 2236 1727 2278 lucendi

281 2309 502 2351 describit.
542 2308 604 2352 Ut
628 2308 771 2359 video,
802 2310 928 2351 etiam
962 2308 1210 2353 Schweizer
1242 2307 1317 2362 (K.
1349 2308 1494 2351 Ztsch.
1524 2307 1571 2350 II
1600 2305 1729 2365 p.72)

270 2380 325 2422 ad
353 2380 660 2423 sanskritieum
690 2381 838 2433 „svar“
880 2380 1088 2436 confugit,
1123 2374 1171 2421 ut
1211 2379 1372 2422 nomini
1405 2378 1628 2432 „Helena“
1667 2378 1726 2421 af—

404 2594 439 2637 1)
463 2591 510 2628 cf.
538 2591 641 2627 curt.
671 2604 707 2638 p.
723 2593 805 2628 485.

402 2671 439 2717 2)
468 2670 514 2707 cf.
530 2682 568 2716 p.
577 2673 634 2716 56,
657 2670 721 2706 ubi
748 2670 795 2707 de
818 2667 1065 2716 nomine‘ma
1090 2669 1241 2714 eiusque
1264 2668 1489 2714 digammate
1524 2668 1642 2706 fusius
1656 2668 1729 2704 dis-

269 2753 443 2797 putatum
463 2753 531 2787 est.
