1984 3332
945 263 1025 306 115

390 383 439 432 Si
469 385 735 440 consideras,
764 381 789 428 ὅ
823 399 847 428 e
878 385 1000 440 „sas“
1031 390 1173 427 ortum
1203 397 1298 427 esse
1329 383 1385 427 cf.
1413 383 1503 427 skr.
1531 398 1600 426 sas
1617 382 1717 439 (sa),

259 456 438 499 metrica
470 456 717 512 difficultas,
747 471 855 513 quae
887 459 971 499 hoc
997 456 1255 514 pronomine
1286 455 1486 509 efficitur,
1523 455 1598 497 tibi
1627 469 1716 498 non

259 527 490 572 offensioni
515 543 611 573 esse
632 534 790 587 potest,
817 543 913 571 cum
932 543 957 571 ο
974 527 1155 571 duarum
1181 527 1406 571 literarum
1434 527 1553 570 vices
1577 533 1716 584 gerat.

257 599 456 656 Accedit,
487 601 604 658 quod
635 600 703 644 his
731 600 838 643 locis
868 599 1045 642 initium
1077 599 1332 657 antiquioris
1363 599 1534 642 dicendi
1555 599 1716 643 formu·

256 671 323 713 lae
353 671 613 715 continetur.

388 744 615 786 Postremo
646 743 735 785 huc
764 743 1045 786 referendum
1076 757 1171 785 csse
1201 743 1305 785 mihi
1347 743 1519 786 videtur
1559 758 1716 800 prono-

259 828 362 857 men
394 815 640 871 relativum,
673 815 788 872 quod
817 814 1079 872 productum
1108 814 1259 858 habes:

459 887 592 940 2327.
623 885 833 942 κείμενον,
873 874 903 929 ἕ
930 885 1096 944 (ξίφος)
1129 887 1165 943 ῥ’
1195 880 1397 941 Ἀγέλαος
1430 881 1717 943 οἷποπροέηκε

1277 959 1451 1014 χαμᾶζε.

256 1032 382 1076 Idem
412 1045 653 1090 pronomen
680 1032 727 1075 in
761 1031 877 1075 hiatu
914 1037 1055 1074 extat:

310 1107 349 1147 E
367 1104 461 1147 303.
496 1103 713 1161 Τυδείδης,
742 1103 1014 1161 μέγαρὲργον.
1045 1098 1071 1147 ὃ
1100 1097 1153 1147 οὗ
1175 1100 1252 1147 δύο
1282 1104 1317 1160 y’
1342 1097 1470 1160 ὅνδρε
1499 1102 1685 1162 φέροιεν.
1750 1125 1753 1128 ⁴

318 1177 462 1220 Y286.
491 1174 676 1228 Αἰνείας
854 1210 875 1230 ,‚
1039 1211 1060 1232 ,‚
1109 1211 1130 1231 „
1192 1209 1213 1230 „
1289 1210 1310 1231 ᾖ
1402 1209 1422 1230 ,,
1560 1209 1582 1230 ,‚

314 1254 359 1292 N
371 1249 464 1291 100.
493 1245 647 1303 δεινόν,
675 1245 703 1291 δ’
730 1241 782 1291 οὗ
811 1249 910 1291 ποτ’
934 1246 1067 1305 ἔγωγε
1098 1245 1438 1306 τελευτήσεσθαι
1468 1247 1675 1306 ἔφασκον.

317 1320 461 1364 Y466.
489 1317 654 1378 νήπιος,
685 1319 784 1364 οὐδὲ
810 1318 859 1363 τὸ
890 1317 1024 1377 πήδη,
1044 1315 1070 1363 ὃ
1100 1315 1152 1363 οὗ
1181 1320 1420 1363 πείσεσθαι
1450 1317 1639 1375 ἐζαελλεν.

391 1392 617 1446 Videmus,
646 1392 823 1447 hiatum,
869 1393 940 1448 qui
973 1393 1018 1434 in
1047 1393 1113 1435 his
1143 1394 1341 1437 versibus
1379 1399 1515 1448 extat,
1552 1392 1717 1436 eisdem

258 1463 479 1507 vocabulis
514 1460 540 1507 ὅ
569 1480 619 1507 ου
651 1464 876 1519 contineri,
907 1479 931 1506 e
959 1464 1114 1520 quibus
1144 1465 1337 1507 vocalem
1371 1461 1614 1521 {igraviore
1644 1480 1716 1507 au-

258 1537 430 1579 toritate
461 1536 700 1594 praeditam
729 1536 864 1579 fuisse
892 1537 977 1578 iam
999 1550 1055 1579 ex
1085 1551 1133 1579 ea
1159 1551 1207 1580 rc
1227 1537 1438 1593 colligere
1471 1552 1714 1595 possumus,

262 1608 394 1665 quod,
409 1608 445 1651 si
460 1609 504 1650 in
520 1608 600 1650 hac
620 1607 891 1665 pronominis
921 1609 1063 1651 forma.
1093 1608 1237 1651 locum
1268 1609 1445 1660 obtinet,
1479 1623 1712 1665 numquam

261 1680 403 1723 crasin
432 1679 606 1737 patitur.
655 1679 812 1736 Neque
839 1679 967 1723 aliter
995 1694 1065 1723 res
1094 1695 1140 1723 se
1173 1681 1326 1725 habet:

388 1746 545 1801 1122&
582 1746 657 1789 ubi
685 1743 735 1789 τό
766 1747 1027 1804 productum
1057 1747 1313 1792 invenimus
1374 1748 1431 1790 cf.
1460 1743 1511 1790 τό
1542 1751 1596 1802 ῥα
1621 1744 1711 1791 τότ’

257 1817 304 1860 ἐκ
331 1818 482 1875 χηλοῖο
509 1814 654 1873 λαβών
681 1814 870 1875 ἐκάθηρε
895 1817 1045 1876 θεείῳ.

391 1889 514 1932 Idem
541 1886 592 1932 τό
619 1889 785 1932 hiatum
813 1890 967 1932 efficit:

507 1967 548 2005 Z
570 1963 665 2005 201.
693 1955 794 2019 ἤτοι
823 1959 848 2006 ὃ
875 1959 972 2006 min
1001 1962 1157 2006 πεδίον
1184 1956 1235 2007 τό
1265 1957 1453 2020 Ἀλήιον.

512 2031 659 2079 Ψῦὃῖ).
690 2028 853 2090 ὄμνυθι
881 2032 942 2092 μὴ
965 2034 1045 2091 μὲν
1073 2032 1184 2079 ἑκών
1211 2033 1262 2079 τὸ
1293 2034 1409 2091 ἐμὸν.

391 2107 679 2150 Hoffmannus
696 2107 719 2148 I
741 2123 782 2163 p.
804 2107 895 2149 163.
924 2107 1049 2149 istam
1080 2107 1412 2163 productionem
1445 2108 1716 2152 durissimam

258 2194 355 2224 esse
391 2184 553 2223 censet.

389 2251 604 2294 Omnibus
636 2250 703 2293 his
732 2252 840 2295 locis
869 2251 1006 2293 vocali
1038 2266 1055 2293 c
1094 2251 1160 2305 (in
1180 2245 1206 2294 ὃ
1224 2258 1266 2293 et
1290 2248 1364 2305 τό)
1394 2265 1599 2306 magnam
1629 2253 1717 2294 vim

256 2324 398 2367 inesse
426 2337 477 2366 ea
506 2337 554 2366 rc
586 2322 790 2376 efficitur,
834 2322 949 2379 quod
981 2338 1005 2365 ο
1037 2337 1216 2366 munere
1244 2323 1468 2366 literarum
1499 2324 1593 2377 „at“
1639 2324 1718 2378 (cf.

256 2398 345 2441 skr.
362 2403 475 2453 „yat,
492 2397 596 2449 tat“)
612 2397 822 2454 fungitur.
850 2397 974 2439 Idem
994 2396 1271 2439 iudicandum
1290 2403 1356 2438 cst
1383 2396 1436 2438 de
1454 2397 1625 2453 syllaba
1653 2412 1716 2438 τω

257 2470 302 2512 in
334 2467 462 2521 οὕτω,
496 2485 605 2528 quae
636 2486 734 2513 cum
770 2485 794 2512 e
822 2486 909 2521 τως
938 2470 1011 2526 (cf.
1029 2466 1188 2525 οὕτως)
1220 2476 1430 2524 oreretur,
1456 2470 1571 2512 idem
1590 2471 1720 2525 valet,

261 2542 375 2600 quod
410 2541 714 2585 sanskriticum
749 2543 875 2598 „tatf‘
925 2542 1016 2587 Iam
1046 2541 1406 2585 verisimillimum
1437 2549 1515 2596 est,
1547 2542 1715 2585 literam

260 2616 494 2670 dentalem,
523 2615 587 2669 (in
617 2622 705 2672 yat‚
734 2616 829 2671 tat),
876 2630 974 2658 cum
1003 2615 1047 2657 in
1081 2632 1099 2657 s
1128 2621 1382 2668 mutaretur,
1412 2615 1625 2670 effecisse,
1672 2623 1719 2657 ut

258 2704 283 2730 a
312 2688 356 2730 in
385 2703 409 2731 o
446 2687 707 2742 turbaretur,
745 2703 841 2730 cum
882 2687 976 2747 ipse
1021 2693 1316 2732 evanesceret.
1374 2688 1430 2730 cf.
1465 2686 1598 2729 Kuhn
1628 2687 1717 2731 XV

259 2775 300 2816 p.
320 2761 416 2801 409.
479 2762 634 2815 Itaque
666 2775 763 2801 cum
791 2776 815 2801 ο
846 2761 1047 2802 omnibus
1089 2761 1156 2803 his
1197 2762 1303 2802 locis
1350 2774 1407 2801 cx
1445 2761 1538 2812 „at‘·‘
1576 2766 1717 2801 ortum

259 2846 354 2876 esse
380 2833 560 2887 constet,
594 2847 736 2890 neque
768 2832 1093 2893 productiones,
1123 2848 1234 2891 quae
1266 2831 1547 2876 inveniuntur
1573 2831 1718 2875 11228
