1984 3332
970 196 1026 238 64

255 312 379 368 ἔθος,
407 305 524 372 ἦθος
548 314 753 367 eof-*5309
769 321 848 359 etc.
878 321 1018 358 ortum
1049 330 1147 360 esse
1178 317 1279 360 satis
1310 321 1480 361 constat
1511 316 1566 360 cf.
1588 315 1709 360 Curt.

251 403 295 444 p.
318 387 412 430 615.
470 386 523 428 Id
558 386 673 442 quod
704 387 827 444 stirpi
855 379 912 442 ³19
944 387 989 441 (i.
1024 402 1061 429 e.
1092 390 1213 443 (5539)
1254 389 1458 431 suffixum
1488 394 1564 440 est,
1613 401 1711 429 ean-

256 458 355 500 dem
395 456 747 500 terminationem
792 459 1084 516 amplectitur,
1129 472 1240 514 quae
1279 459 1327 502 in
1368 460 1523 516 lingua
1558 457 1712 500 Indica

253 530 500 572 nominibus
514 530 616 572 fem.
630 544 730 585 gen.
748 530 985 572 formandis
1006 531 1200 585 inservit,
1214 556 1264 563 —
1283 534 1314 574 ἳ.
1334 532 1489 588 Itaque
1507 529 1708 574 Graecae

260 600 353 643 voci
389 603 505 656 πῖρις
532 600 672 643 forma
702 600 960 643 sanskritica
987 602 1156 655 „svari“
1184 602 1381 658 (svaryas
1400 599 1566 656 (Gen),
1586 613 1711 655 quam

255 674 359 729 quin
388 688 600 727 creemus,
627 673 736 715 nihil
767 673 892 716 nobis
922 680 1039 717 extat
1063 675 1289 728 obstaculi,
1312 680 1511 717 accurate
1530 686 1710 728 respon-

254 745 390 787 deret.
433 745 549 787 Illud
575 744 613 798 δ,
640 744 755 801 quod
786 745 912 787 nobis
939 745 984 787 in
1014 745 1219 802 genetivo
1249 744 1416 800 flendos
1445 743 1612 787 obviam
1645 743 1708 795 fit,

251 816 446 858 eiusdem
471 816 654 871 originis
683 823 761 868 est,
790 816 910 857 euius
944 822 1010 858 est
1034 818 1051 871 j
1084 817 1127 857 in
1157 817 1299 871 narjas
1317 815 1460 866 (Nom.
1480 815 1539 871 pl.
1559 830 1584 856 a
1603 815 1705 854 nari

254 889 500 946 profectus)
531 893 573 930 et
592 888 637 930 in
660 888 834 944 svstrjfis,
859 887 895 930 si
916 887 1030 930 hunc
1051 888 1305 944 genetivum
1326 887 1622 930 formaremus.
1652 885 1710 927 ef.

255 958 377 1002 Curt.
395 972 437 1015 p.
452 958 548 1001 563.
578 958 751 1001 Nomen
766 959 900 1014 igitur
927 960 1056 1014 πῖρις,
1086 958 1216 1015 quod,
1246 973 1344 1000 cum
1369 973 1393 999 a
1426 957 1571 1000 radice
1592 970 1710 998 sans-

253 1029 410 1072 kritica
427 1032 593 1084 „svar,“
614 1030 682 1071 eui
700 1030 813 1072 inest
830 1030 947 1072 notio
978 1029 1251 1087 splendendi,
1281 1028 1593 1083 etymologiam
1613 1040 1711 1083 pro-

252 1101 413 1142 fectam
444 1100 577 1143 fuisse
599 1100 1053 1154 demonstraverimus,
1081 1099 1260 1142 eandem
1291 1099 1470 1155 stirpem
1499 1097 1709 1150 eontinet,

254 1171 481 1229 quaelatet
498 1172 576 1213 sub
597 1171 684 1213 skr.
703 1172 852 1225 „svar“
864 1186 919 1214 m.
934 1172 1156 1226 „eoelum“
1176 1176 1306 1226 atque
1328 1170 1408 1212 sub
1420 1169 1589 1212 Graeca
1603 1182 1710 1210 voce

243 1240 374 1299 “Ὴρη,
407 1249 601 1285 naturam
630 1243 893 1300 primitivam
921 1244 1014 1286 eius
1044 1243 1165 1299 deae,
1197 1243 1267 1285 eui
1297 1249 1360 1285 est
1392 1256 1553 1285 nomen
1580 1242 1709 1296 signs,

252 1315 484 1357 coelestem
517 1313 651 1355 fuisse
683 1313 887 1356 ostendit.
917 1314 1041 1367 Quae
1066 1327 1137 1355 ies
1172 1328 1269 1355 cum
1305 1312 1364 1354 ita
1394 1312 1462 1366 sit,
1486 1303 1586 1366 Ἰρις
1613 1310 1639 1353 i.
1672 1323 1709 1352 e.

255 1389 397 1441 03:3ch
438 1386 656 1442 digammo
706 1384 966 1427 instructum
1013 1386 1160 1440 fnisse,
1204 1400 1292 1426 non
1330 1385 1469 1427 solum
1505 1381 1707 1425 ⁴metricis

253 1458 523 1514 argumentis
563 1457 641 1500 sed
687 1457 815 1499 etiam
866 1458 1115 1513 linguarum
1166 1456 1489 1515 comparatione
1530 1455 1704 1498 demon-

253 1536 411 1572 strasse
451 1528 554 1571 mihi
592 1529 758 1572 videor.
828 1530 1043 1574 Ultimum
1084 1529 1270 1584 denique
1308 1528 1573 1585 exemplum,
1621 1540 1706 1584 quo

252 1602 390 1645 hiatus
422 1600 550 1643 litera
579 1601 764 1644 Aeolica
792 1606 1055 1656 removetur,
1086 1606 1172 1643 est:
1203 1600 1339 1643 A486
1370 1599 1551 1653 ἐξέταμ’,
1588 1591 1706 1656 ὄφρα

252 1673 374 1715 πίτυν
421 1687 548 1730 quem
598 1673 741 1715 locum
783 1674 945 1716 hiatum
989 1673 1190 1715 illicitum
1233 1674 1443 1729 praebere
1486 1671 1650 1714 Hoffm.
1683 1671 1707 1712 I

256 1762 299 1803 p.
315 1746 369 1789 92
402 1745 542 1788 docet.
1497 1787 1499 1789 .

385 1815 551 1857 Vocem
580 1811 675 1865 ἰ’τυς
706 1815 923 1872 digammo
951 1816 1203 1858 instructam
1232 1814 1365 1858 fuisse
1393 1821 1436 1857 et
1461 1829 1592 1857 versu
1623 1814 1707 1857 Te-

252 1887 440 1929 rentiani
471 1887 612 1929 Mauri
641 1903 682 1944 p.
700 1888 833 1931 2397:

310 1958 567 2013 „Quamque
596 1953 692 2000 ἴτυν
717 1957 865 2000 dicunt
884 1958 1067 2011 Achaei,
1099 1958 1210 2000 hanc
1241 1957 1364 2013 βίτυν
1394 1971 1504 2013 gens
1522 1957 1702 2000 Aeolis“

252 2036 297 2072 et
324 2029 486 2084 linguis
519 2029 717 2084 cognatis
746 2030 848 2072 satis
881 2036 998 2072 certe
1039 2029 1239 2082 efficitur,
1284 2046 1381 2073 eum
1426 2030 1481 2072 ad
1521 2030 1704 2072 eandem

252 2101 433 2158 stirpem
463 2099 691 2156 pertineat,
736 2114 845 2156 quae
877 2106 995 2142 extat
1025 2100 1069 2142 in
1100 2098 1203 2157 ἰτὲη,
1227 2100 1363 2143 >cuius
1396 2100 1612 2155 digamma
1651 2101 1704 2143 ab

252 2173 515 2215 Hoffmanno
534 2171 598 2224 (ΙΙ
618 2187 659 2228 p.
678 2171 750 2226 33)
766 2186 854 2214 non
872 2177 937 2213 est
953 2172 1217 2227 neglectum.
1235 2172 1291 2215 cf.
1309 2172 1494 2216 Ahrens.
1510 2171 1635 2214 Aeol.
1649 2172 1704 2214 D.

251 2234 372 2302 pj32.
393 2243 555 2287 1’0h1.1.
572 2258 608 2286 ο.
626 2258 667 2301 p.
680 2243 742 2285 17.
766 2243 919 2286 Peters
932 2243 960 2286 1.
975 2259 1011 2287 ο.
1026 2258 1067 2300 p.
1080 2243 1145 2286 17.
1162 2243 1282 2288 curt.
1300 2260 1341 2302 p.
1354 2244 1447 2289 349.
1478 2243 1706 2287 Invenitur

250 2317 358 2358 haec
371 2330 458 2357 vox
469 2315 595 2357 etiam
605 2317 644 2357 E
652 2315 744 2357 724.
779 2315 852 2360 Sic
868 2320 1095 2372 postquam
1117 2329 1187 2358 eas
1200 2330 1349 2371 voceS,
1363 2330 1468 2372 quas
1483 2316 1701 2372 digammo

250 2388 484 2430 instructas
512 2387 644 2429 fuisse
677 2392 856 2440 constat,
889 2401 946 2429 ex
961 2387 1217 2430 Hoffmanni
1238 2388 1449 2444 exemplis
1480 2387 1702 2445 excipien-

251 2459 327 2502 das
357 2473 453 2501 esse
485 2458 886 2513 demonstravimus,
929 2473 1003 2501 eos
1049 2459 1169 2502 locos
1211 2459 1459 2502 examinare
1488 2460 1702 2514 volumus,

248 2532 324 2574 ubi
356 2531 495 2573 hiatus
527 2545 550 2573 e
577 2531 704 2573 litera
733 2530 916 2588 spiranti
947 2546 966 2572 s
995 2530 1150 2573 iustam
1178 2531 1339 2588 repetit
1367 2531 1702 2575 excusationem.

247 2603 374 2645 Illius
402 2603 555 2645 literae
583 2602 672 2644 vim
704 2602 748 2644 in
776 2601 898 2645 initio
931 2617 1085 2645 vocum
1103 2603 1295 2646 nondum
1312 2603 1555 2657 evanuisse,
1578 2618 1701 2661 prae-

248 2675 374 2732 cipue
404 2681 495 2718 tum
515 2674 723 2728 efficitur,
770 2689 867 2716 cum
894 2680 996 2717 ante
1028 2689 1099 2718 eas
1127 2688 1272 2731 voces,
1319 2690 1429 2734 quae
1475 2675 1559 2719 huc
1587 2677 1704 2719 refe—

246 2747 412 2791 rendae
443 2754 557 2803 sunt,
586 2746 895 2805 productiones
923 2746 1121 2790 brevium
1151 2748 1414 2803 syllabarum
1455 2748 1499 2791 in
1529 2748 1698 2792 literam
