1984 3332
986 205 1009 245 7

271 336 315 371 et
342 329 442 371 libri
469 328 652 371 Zendici
681 327 838 370 servati
866 332 1026 380 essent,
1071 340 1127 368 ex
1155 326 1237 369 hac
1270 325 1395 382 epica
1428 324 1721 382 descriptione

275 400 585 458 colligeremus
629 413 809 442 necesse
860 404 988 452 esset,
1033 412 1221 454 regnum
1246 398 1478 441 Persarum
1525 411 1575 439 re
1620 410 1726 439 vera

271 472 373 515 olim
419 472 560 515 alieno
600 479 787 527 tyranno
834 477 1012 513 auctore
1056 472 1185 514 rebus
1229 470 1425 526 angustis
1464 468 1724 527 impeditum

271 543 419 598 fuisse,
452 558 560 601 quae
591 542 811 586 calamitas
842 556 893 584 eo
924 548 1239 597 removeretur,
1276 541 1391 599 quod
1419 541 1556 584 iustus
1586 540 1722 583 domi·-

271 630 351 657 nus
379 614 600 669 Ferfflun,
646 629 743 656 cum
771 620 1005 669 tyrannum
1037 614 1283 668 delevisset,
1324 628 1510 668 regnum
1540 627 1719 668 recupe-

271 692 400 729 raret.
472 685 562 732 Sed
608 692 656 728 ut
697 685 947 728 memoriam
989 701 1135 728 rerum
1164 701 1213 729 re
1244 699 1349 728 vera
1377 690 1598 741 gestarum
1634 683 1718 725 hoc

270 758 459 801 carmine
492 758 706 801 contineri
737 772 961 815 negemus,
1004 764 1183 800 monent
1211 772 1290 799 nos
1320 756 1549 799 clarissimi
1578 755 1721 798 vedici

270 830 439 887 hymni,
468 830 623 886 qu'ibus
656 830 759 886 quid
792 830 853 872 de«
876 830 1124 872 nominibus
1148 828 1409 882 „Fereduffl
1441 834 1484 870 et
1516 827 1720 881 „Zohalffl

268 901 547 944 iudicandum
578 903 644 956 sit,
678 903 795 944 clare
825 902 1138 958 perlucideque
1169 900 1426 943 ostenditur.
1502 900 1577 944 Sic
1616 913 1722 955 epos

268 988 293 1014 a
322 972 443 1015 coelo
473 972 528 1015 ad
555 979 715 1015 terram
744 974 991 1016 revocatur!
1044 973 1119 1027 (ef.
1155 971 1206 1015 R.
1237 972 1364 1015 Roth.
1398 971 1444 1013 in
1472 970 1642 1014 Ztschr.
1680 969 1721 1013 d.

270 1042 464 1086 deutsch.
495 1044 778 1100 Morgldisch.
800 1044 1045 1088 Gesellsch·
1082 1043 1161 1085 Bd.
1179 1043 1229 1085 II
1257 1060 1296 1097 p.
1313 1042 1395 1083 216
1410 1043 1495 1097 sq.)
1553 1040 1720 1083 Eodem

270 1114 396 1157 modo
436 1114 553 1173 apud
582 1115 761 1159 Latinos
789 1115 896 1158 deus
927 1115 1140 1167 Saturnus
1168 1128 1249 1157 rex
1293 1113 1619 1157 describebatur
1661 1112 1717 1155 cf.

266 1186 459 1230 Preller:
489 1187 611 1230 Rom.
640 1187 778 1242 Myth.
796 1188 944 1246 p.410‚
972 1202 1236 1245 quamquam
1272 1186 1508 1231 Saturnum
1530 1184 1577 1226 in
1593 1184 1719 1227 Latio

269 1258 442 1302 easdem
473 1259 593 1302 vices
621 1260 812 1315 gessisse
842 1260 943 1302 satis
970 1265 1153 1315 constat,
1198 1274 1302 1315 quas
1341 1259 1387 1300 in
1414 1257 1570 1300 vedica
1597 1257 1720 1314 poesi

267 1330 372 1373 deus
407 1330 522 1375 Solis
549 1331 783 1386 ‚,Savitar“
816 1331 1009 1389 suscipit.
1068 1331 1291 1374 Habemus
1332 1330 1447 1372 enim
1483 1329 1527 1371 in
1568 1328 1721 1384 lingua

270 1401 526 1445 sanskritica
534 1402 722 1445 radicem
735 1405 854 1457 „su,‘·‘
869 1417 977 1458 quae
998 1403 1045 1444 in
1062 1402 1147 1445 duo
1164 1404 1298 1445 verba
1316 1400 1486 1445 diffluit.
1518 1400 1720 1443 Alterum

269 1472 371 1527 „su“
410 1473 605 1528 (savami)
635 1488 808 1516 sensum
837 1473 1051 1530 gignendi
1082 1480 1126 1516 et
1163 1472 1380 1516 animandi
1420 1472 1719 1531 amp-lectitur3

269 1543 394 1585 alteri
424 1544 538 1586 inest
569 1545 687 1587 notio
715 1560 878 1587 somam
917 1544 1216 1601 exprimendi3
1267 1545 1366 1600 quia
1399 1544 1514 1585 enim
1551 1543 1718 1600 paratio

269 1615 498 1670 libaminis,
528 1616 643 1672 quod
674 1616 833 1659 dicitur
863 1617 1045 1671 „soma,“
1070 1616 1259 1659 hominis
1286 1615 1576 1672 procreationi
1604 1629 1719 1658 com-

270 1693 457 1745 paratur,
481 1687 591 1731 illud
608 1690 786 1732 verbum
815 1705 864 1732 su
899 1690 1106 1744 (sunomi)
1139 1689 1249 1731 hanc
1280 1695 1457 1731 nactum
1486 1694 1550 1731 est
1580 1686 1714 1742 signi-

267 1759 513 1802 ficationem
557 1759 612 1802 cf.
642 1760 832 1816 Benfey:
866 1760 1061 1805 Glossar.
1100 1776 1135 1803 Ζ.
1160 1759 1278 1804 Sam.
1296 1759 1408 1802 Ved.
1427 1759 1576 1817 p.196.
1608 1760 1718 1802 Ver-

267 1830 370 1873 bum
400 1830 536 1886 igitur
566 1846 631 1885 su,
660 1832 824 1874 savami
854 1832 1074 1874 notionem
1104 1831 1317 1888 gignendi
1347 1831 1406 1873 ita
1437 1830 1656 1885 describit,
1670 1837 1719 1873 ut

268 1902 459 1946 omnium
503 1917 649 1945 rerum
694 1903 801 1945 ratio
844 1903 1067 1957 habeatur,
1111 1910 1209 1946 e'um
1248 1904 1382 1946 verbo
1423 1919 1487 1958 su,
1532 1904 1719 1958 sunomi,

267 1974 379 2017 hanc
394 1974 629 2028 notionem,
646 1972 702 2015 ad
718 1979 880 2017 certam
896 1988 990 2016 rem
1002 1980 1287 2031 spectantem,
1308 1974 1522 2017 contineri
1536 1980 1718 2018 constet.

267 2045 330 2090 Ut
343 2052 484 2088 autem
503 2046 608 2088 haec
625 2046 711 2088 duo
723 2048 856 2089 verba
873 2046 928 2089 ad
947 2048 1129 2089 eandem
1144 2048 1335 2089 radicem
1364 2046 1597 2088 referenda
1619 2061 1713 2090 esse

267 2122 513 2171 statuamus,
542 2132 621 2161 nos
650 2124 795 2161 movet
821 2117 972 2174 lingua
1007 2118 1212 2162 Zendiea.
1256 2119 1345 2161 Hic
1372 2133 1503 2161 unum
1536 2119 1719 2162 verbum

269 2190 368 2243 „hu,
402 2190 619 2243 hunomi,“
666 2190 884 2232 notionem
917 2190 1131 2245 gignendi
1170 2196 1213 2232 et
1248 2205 1409 2233 somam
1441 2190 1720 2247 exprimendi

268 2261 545 2319 amplectitur
575 2262 629 2306 cf.
660 2261 796 2305 Iusti:
826 2261 1001 2305 Handb.
1034 2262 1076 2304 d.
1102 2262 1352 2319 stprache
1382 2278 1423 2319 p.
1440 2262 1535 2306 326.
1563 2261 1718 2319 Itaque

268 2322 366 2376 cum
394 2332 448 2375 ad
479 2334 659 2376 verbum
689 2334 806 2389 „su,“
834 2334 1042 2388 (summi)
1074 2358 1123 2364 —
1151 2334 1232 2376 hoc
1265 2333 1379 2376 enim
1409 2349 1508 2377 cum
1538 2348 1719 2393 praepo-

267 2405 422 2449 sitione
450 2405 552 2448 abhi
583 2406 860 2449 coniunctum
890 2406 1016 2449 etiam
1059 2406 1379 2464 „adspergere“
1417 2406 1635 2462 significat
1664 2431 1717 2438 -

269 2478 489 2523 Graecum
516 2474 606 2520 ὕειν
644 2479 861 2535 pertineat
902 2479 978 2534 (cf.
1010 2477 1131 2522 Curt.
1167 2479 1377 2534 Grdziige
1407 2493 1450 2535 p.
1470 2479 1585 2535 353),
1615 2479 1717 2523 Pot-

267 2550 375 2592 tium
406 2555 554 2591 secuto
581 2549 685 2591 mihi
715 2563 971 2606 persuasum
1002 2556 1081 2606 est,
1110 2565 1283 2593 sensum
1304 2550 1573 2607 primitivum
1602 2550 1716 2594 radi-

267 2622 329 2664 cis
358 2623 475 2677 „su,“
505 2636 528 2663 a
558 2636 640 2677 qua
671 2622 884 2676 „savamff
917 2628 959 2665 et
991 2623 1219 2678 „sunemi“
1250 2621 1512 2676 derivantur,
1556 2622 1715 2664 fuisse:

267 2692 519 2746 „humorem
548 2692 770 2737 emittere“
816 2694 874 2737 cf.
904 2694 1040 2738 Kuhn
1085 2694 1227 2738 Ztseh.
1245 2694 1323 2737 VI.
1352 2708 1394 2750 p.
1409 2693 1505 2737 365.
1562 2694 1715 2750 Atque

266 2764 373 2808 haee
402 2764 487 2807 duo
519 2764 653 2808 verba
680 2779 737 2808 ex
766 2764 917 2809 eadem
944 2766 1092 2809 radice
1120 2766 1334 2821 originem
1364 2765 1555 2821 duxisse,
1585 2766 1715 2809 etiam
