1984 3332
994 191 1046 234 74

297 306 428 359 atque
454 302 491 345 si
516 299 606 347 ὑπό
637 305 912 362 respicimus,
943 304 1162 348 sententia
1191 308 1339 346 nostra
1367 302 1676 360 argumentise
1707 316 1755 347 re

296 374 475 417 metrica
504 374 738 420 Homerica
765 376 962 434 repetitis
989 376 1198 420 firmatur.

426 446 703 491 Accedamus
731 463 849 492 nunc
878 449 933 492 ad
962 464 1116 492 vocem
1145 445 1246 505 ἅμα.
1318 447 1497 491 Hiatum
1530 446 1682 501 efficit,
1709 447 1754 490 in

295 530 473 560 caesura
503 518 719 562 trochaica
749 519 874 577 pedis
904 519 1019 562 tertii
1046 520 1193 563 1'376.

613 587 731 646 κεινὴ
764 590 812 634 δὲ
840 588 1081 649 τρυφάλεια
1109 588 1180 647 ἅμ’
1213 589 1388 635 ἕσπετο.

423 660 591 704 Breves
629 662 823 719 syllabae
851 663 897 705 in
926 669 1236 707 consonantem
1267 667 1478 705 exeuntes
1524 667 1624 703 ante
1664 656 1754 715 ἅμα

293 734 611 790 producuntur:

349 806 393 861 a)
420 803 467 847 in
496 820 677 849 caesura
708 806 1039 865 semiquinaria:

559 881 611 919 A
627 877 722 920 226.
754 871 854 921 οὔτε
884 880 984 922 ποτ’
1013 878 1057 930 ἐς
1083 875 1281 932 πόλεμόν
1310 875 1412 932 ἅμα.

349 948 397 1003 b)
426 948 471 991 in
500 963 679 992 caesura
709 950 1031 993 semiternaria:

558 1024 598 1063 Β
628 1021 722 1065 745.
757 1017 843 1065 ov'n
875 1016 986 1076 οἷός,
1015 1018 1103 1076 ἅμα
1134 1023 1196 1078 τῷ
1223 1036 1283 1077 γε.

625 1094 722 1137 822.
750 1088 828 1137 οὐκ
860 1088 972 1148 οἶός,
1003 1090 1097 1150 ἅμα
1127 1093 1190 1152 τῷ
1218 1108 1278 1150 γε.

422 1163 534 1207 Tum
561 1165 647 1208 huc
678 1167 823 1209 refero
852 1167 977 1219 947,
1021 1167 1095 1209 ubi
1139 1172 1239 1209 ante
1269 1162 1353 1220 ὅμο
1382 1165 1428 1207 in
1459 1160 1751 1220 ὁμογάστριον

294 1234 440 1278 brevis
472 1236 641 1292 syllaba
668 1237 924 1295 producitur
950 1238 1004 1281 cf.

551 1303 601 1364 ἠὲ
629 1308 885 1365 κασίγνητόν
915 1307 1217 1366 ὁμογάστριον.

422 1380 598 1437 Longas
626 1381 798 1424 vocales
829 1387 929 1424 ante
958 1378 1053 1437 ἅμα
1080 1382 1125 1424 in
1157 1381 1242 1424 arsi
1274 1381 1509 1439 productas
1547 1379 1694 1423 inveni
1726 1383 1753 1421 I

288 1449 383 1494 618.
413 1451 563 1495 Ν613.

412 1521 533 1580 “Aua
560 1532 604 1569 et
633 1523 743 1581 ὁμὸς
774 1527 829 1569 ab
859 1526 1012 1569 eadem
1040 1527 1190 1584 stirpe,
1231 1539 1340 1582 quae
1374 1540 1395 1567 s
1421 1523 1586 1567 initiale
1624 1537 1747 1580 prae-

293 1599 377 1652 bet,
397 1596 633 1642 derivanda
663 1612 759 1643 esse
788 1598 871 1642 iam
904 1598 980 1642 diu
1010 1604 1200 1653 constat3
1233 1612 1332 1641 nam
1346 1592 1458 1652 ὁμός
1474 1601 1519 1639 et
1533 1591 1622 1651 ἅμα
1637 1595 1746 1648 (dor.

292 1666 417 1724 ἅμᾱ),
435 1684 518 1728 qua
533 1670 673 1712 forma
692 1671 980 1726 antiquiorem
1001 1670 1376 1713 instrumentalem
1392 1667 1607 1712 contineri
1623 1667 1747 1710 Kuh-

291 1741 388 1783 nius
411 1741 599 1795 (Ztschr.
614 1742 672 1796 11,
689 1742 785 1796 128)
812 1741 1135 1796 demonstravit,
1156 1742 1209 1783 ad
1236 1740 1418 1783 eandem
1436 1738 1627 1782 radicem
1649 1752 1745 1796 per-

290 1813 442 1864 tinent,
463 1826 573 1869 quae
591 1813 669 1855 sub
698 1815 787 1856 skr.
806 1813 997 1868 „samas“
1016 1812 1228 1867 „samam“
1244 1812 1352 1855 latet
1377 1812 1431 1854 cf.
1449 1810 1572 1855 Curt.
1593 1826 1636 1868 p.
1649 1810 1746 1853 288.

293 1884 499 1927 Attamen
529 1899 618 1927 non
649 1886 788 1927 solum
816 1886 861 1927 in
875 1885 1024 1941 lingua
1040 1883 1295 1927 sanskritica
1311 1900 1331 1927 s
1346 1881 1511 1925 initiale
1528 1887 1745 1925 servatum

290 1955 513 2010 habemus,
529 1956 606 1998 sed
624 1956 748 1998 etiam
766 1956 810 1998 in
826 1956 977 2012 lingua
994 1956 1163 2000 Graeca
1180 1962 1298 1999 certa
1313 1960 1462 1997 extant
1477 1959 1744 2009 argumenta,

290 2040 399 2084 quae
415 2027 557 2071 adhuc
573 2028 810 2086 spirantem
824 2043 845 2070 s
861 2028 905 2070 in
920 2027 1043 2071 initio
1061 2028 1212 2071 harum
1226 2040 1383 2070 vocum
1403 2025 1589 2069 valuisse
1600 2031 1742 2068 osten-

289 2098 409 2142 dunt.
440 2099 505 2144 Ut
535 2099 650 2143 enim
667 2099 923 2143 adiectivum
948 2096 1150 2154 σαμόςε
1164 2095 1273 2154 ὖμός
1287 2105 1531 2148 statuamus,
1551 2112 1632 2142 nos
1653 2112 1742 2141 mo·

288 2176 392 2213 vent
407 2170 646 2228 compluria
675 2172 851 2214 nomina
865 2172 1055 2229 propria,
1085 2186 1194 2228 quae
1225 2172 1270 2214 in
1298 2170 1651 2227 inscriptionibus
1679 2171 1741 2215 in-

290 2241 535 2294 veniuntur,
566 2244 623 2285 cf,
642 2243 922 2297 Σαμοθοίνου
952 2243 1416 2299 („Schmausgesell“).
1445 2243 1740 2299 Σαμοκλῆςε

282 2307 503 2368 Ὁμοκλῆς.
558 2309 759 2367 Σαμόλας
787 2313 805 2365 (
809 2328 921 2366 „von
948 2314 1169 2369 gleichem
1200 2313 1375 2365 V01k“).
1442 2310 1742 2369 Σαμοκράτευς

287 2383 420 2437 („von
449 2384 652 2440 gleicher
682 2385 901 2439 δήῆι-Κῶ).
976 2386 1046 2428 De
1075 2385 1141 2428 his
1173 2384 1419 2429 nominibus
1447 2385 1648 2428 conferas
1676 2401 1742 2440 ea,

288 2468 398 2511 quae
427 2454 692 2511 Savelsberg
725 2455 801 2511 (K.
816 2456 985 2499 Ztschr.
1004 2456 1115 2499 XVI
1143 2471 1185 2514 p.
1201 2455 1274 2509 63)
1303 2455 1550 2514 disputavit.
1580 2456 1738 2501 Utrum

286 2526 416 2568 ctiam
443 2540 603 2569 nomen
647 2526 816 2570 insulae
844 2524 991 2581 Σάμος
1019 2527 1074 2571 ad
1111 2528 1293 2571 eandem
1329 2528 1506 2584 stirpem
1545 2529 1738 2573 referen-

286 2596 389 2639 dum
419 2597 488 2651 sit,
529 2610 679 2649 necne,
726 2597 770 2640 in
802 2598 932 2641 dubio
970 2598 1184 2655 relinquo.
1260 2598 1492 2642 Praeterea
1529 2614 1616 2654 σομ
1658 2613 1739 2657 pro

286 2665 361 2724 ὁμ-
389 2669 598 2713 habemus
626 2669 669 2712 in
700 2669 875 2713 nomine
890 2665 1127 2727 Σόμφορος
1157 2671 1211 2714 cf.
1227 2670 1491 2727 Savelsberg
1506 2672 1535 2715 1.
1552 2687 1590 2716 c.
1616 2687 1659 2730 p.
1671 2670 1738 2715 66.

286 2740 447 2789 Omnia
486 2741 593 2786 haec
637 2742 839 2802 exempla
878 2741 979 2786 satis
1024 2748 1143 2787 certe
1186 2743 1499 2801 demonstrant,
1542 2743 1738 2802 spiritum
