<?xml version="1.0" encoding="UTF-8"?>
<!DOCTYPE html PUBLIC "-//W3C//DTD XHTML 1.0 Transitional//EN"
    "http://www.w3.org/TR/xhtml1/DTD/xhtml1-transitional.dtd">
<html xmlns="http://www.w3.org/1999/xhtml" xml:lang="en" lang="en">
 <head>
  <title>
</title>
<meta http-equiv="Content-Type" content="text/html;charset=utf-8" />
  <meta name='ocr-system' content='tesseract 3.04.00' />
  <meta name='ocr-capabilities' content='ocr_page ocr_carea ocr_par ocr_line ocrx_word'/>
</head>
<body>
  <div class='ocr_page' id='page_1' title='image "4626079_0080.png"; bbox 0 0 1984 3332; ppageno 0'>
   <div class='ocr_carea' id='block_1_1' title="bbox 983 168 1037 208">
    <p class='ocr_par' dir='ltr' id='par_1_1' title="bbox 983 168 1037 208">
     <span class='ocr_line' id='line_1_1' title="bbox 983 168 1037 208; baseline 0 0"><span class='ocrx_word' id='word_1_1' title='bbox 983 168 1037 208; x_wconf 88' lang='grc'><strong>69</strong></span> 
     </span>
    </p>
   </div>
   <div class='ocr_carea' id='block_1_2' title="bbox 279 288 1745 2060">
    <p class='ocr_par' dir='ltr' id='par_1_2' title="bbox 279 288 1745 2060">
     <span class='ocr_line' id='line_1_2' title="bbox 287 288 1744 347; baseline -0.004 -12"><span class='ocrx_word' id='word_1_2' title='bbox 287 293 367 335; x_wconf 91' lang='lat' dir='ltr'><strong>bae</strong></span> <span class='ocrx_word' id='word_1_3' title='bbox 396 292 514 335; x_wconf 86' lang='lat' dir='ltr'><strong>vocis</strong></span> <span class='ocrx_word' id='word_1_4' title='bbox 541 288 627 346; x_wconf 76' lang='grc' dir='ltr'>ἑός,</span> <span class='ocrx_word' id='word_1_5' title='bbox 657 305 779 347; x_wconf 87' lang='lat' dir='ltr'><strong>quae,</strong></span> <span class='ocrx_word' id='word_1_6' title='bbox 814 303 913 331; x_wconf 92' lang='lat' dir='ltr'><strong>cum</strong></span> <span class='ocrx_word' id='word_1_7' title='bbox 941 304 965 331; x_wconf 95' lang='lat' dir='ltr'><strong>e</strong></span> <span class='ocrx_word' id='word_1_8' title='bbox 990 289 1176 342; x_wconf 64' lang='lat' dir='ltr'><strong>‹ra—(sog)</strong></span> <span class='ocrx_word' id='word_1_9' title='bbox 1208 294 1421 342; x_wconf 82' lang='lat' dir='ltr'><strong>oreretur,</strong></span> <span class='ocrx_word' id='word_1_10' title='bbox 1474 289 1559 329; x_wconf 81' lang='lat' dir='ltr'><strong>vim</strong></span> <span class='ocrx_word' id='word_1_11' title='bbox 1590 288 1744 330; x_wconf 87' lang='lat' dir='ltr'><strong>literae</strong></span> 
     </span>
     <span class='ocr_line' id='line_1_3' title="bbox 290 359 1745 420; baseline -0.003 -14"><span class='ocrx_word' id='word_1_12' title='bbox 290 363 494 420; x_wconf 83' lang='lat' dir='ltr'><strong>spirantis</strong></span> <span class='ocrx_word' id='word_1_13' title='bbox 525 379 546 405; x_wconf 89' lang='lat' dir='ltr'><strong>s</strong></span> <span class='ocrx_word' id='word_1_14' title='bbox 575 362 768 405; x_wconf 87' lang='lat' dir='ltr'><strong>nondum</strong></span> <span class='ocrx_word' id='word_1_15' title='bbox 795 375 975 418; x_wconf 88' lang='lat' dir='ltr'><strong>prorsus</strong></span> <span class='ocrx_word' id='word_1_16' title='bbox 1003 360 1119 418; x_wconf 86' lang='lat' dir='ltr'><strong>apud</strong></span> <span class='ocrx_word' id='word_1_17' title='bbox 1153 360 1390 418; x_wconf 88' lang='lat' dir='ltr'><strong>Homerum</strong></span> <span class='ocrx_word' id='word_1_18' title='bbox 1423 360 1636 402; x_wconf 87' lang='lat' dir='ltr'><strong>amiserat.</strong></span> <span class='ocrx_word' id='word_1_19' title='bbox 1681 359 1745 404; x_wconf 92' lang='lat' dir='ltr'><strong>Ut</strong></span> 
     </span>
     <span class='ocr_line' id='line_1_4' title="bbox 283 431 1743 490; baseline -0.004 -12"><span class='ocrx_word' id='word_1_20' title='bbox 283 440 424 479; x_wconf 84' lang='lat' dir='ltr'><strong>autem</strong></span> <span class='ocrx_word' id='word_1_21' title='bbox 453 434 623 478; x_wconf 84' lang='lat' dir='ltr'><strong>literam</strong></span> <span class='ocrx_word' id='word_1_22' title='bbox 650 432 862 476; x_wconf 91' lang='lat' dir='ltr'><strong>initialem</strong></span> <span class='ocrx_word' id='word_1_23' title='bbox 894 448 914 475; x_wconf 91' lang='lat' dir='ltr'><strong>s</strong></span> <span class='ocrx_word' id='word_1_24' title='bbox 946 432 991 474; x_wconf 91' lang='lat' dir='ltr'><strong>in</strong></span> <span class='ocrx_word' id='word_1_25' title='bbox 1020 432 1101 475; x_wconf 85' lang='lat' dir='ltr'><strong>hac</strong></span> <span class='ocrx_word' id='word_1_26' title='bbox 1131 446 1234 475; x_wconf 86' lang='lat' dir='ltr'><strong>voce</strong></span> <span class='ocrx_word' id='word_1_27' title='bbox 1260 432 1372 490; x_wconf 88' lang='lat' dir='ltr'><strong>apud</strong></span> <span class='ocrx_word' id='word_1_28' title='bbox 1395 431 1635 473; x_wconf 85' lang='lat' dir='ltr'><strong>Homerum</strong></span> <span class='ocrx_word' id='word_1_29' title='bbox 1667 445 1743 472; x_wconf 85' lang='lat' dir='ltr'><strong>va·-</strong></span> 
     </span>
     <span class='ocr_line' id='line_1_5' title="bbox 285 497 1738 561; baseline -0.002 -12"><span class='ocrx_word' id='word_1_30' title='bbox 285 507 418 549; x_wconf 86' lang='lat' dir='ltr'><strong>luisse</strong></span> <span class='ocrx_word' id='word_1_31' title='bbox 449 512 696 558; x_wconf 82' lang='lat' dir='ltr'><strong>statuamus,</strong></span> <span class='ocrx_word' id='word_1_32' title='bbox 727 519 807 547; x_wconf 91' lang='lat' dir='ltr'><strong>nos</strong></span> <span class='ocrx_word' id='word_1_33' title='bbox 837 505 955 560; x_wconf 82' lang='lat' dir='ltr'>cogit</span> <span class='ocrx_word' id='word_1_34' title='bbox 979 510 1152 561; x_wconf 85' lang='lat' dir='ltr'><strong>praeter</strong></span> <span class='ocrx_word' id='word_1_35' title='bbox 1181 522 1206 560; x_wconf 91' lang='grc' dir='ltr'>η</span> <span class='ocrx_word' id='word_1_36' title='bbox 1224 506 1261 555; x_wconf 83' lang='grc'><strong>7,</strong></span> <span class='ocrx_word' id='word_1_37' title='bbox 1294 504 1368 547; x_wconf 92' lang='lat' dir='ltr'><strong>ubi</strong></span> <span class='ocrx_word' id='word_1_38' title='bbox 1392 503 1605 559; x_wconf 83' lang='lat' dir='ltr'><strong>legimus:</strong></span> <span class='ocrx_word' id='word_1_39' title='bbox 1630 497 1738 559; x_wconf 79' lang='grc' dir='ltr'><strong>αὖτὴ</strong></span> 
     </span>
     <span class='ocr_line' id='line_1_6' title="bbox 286 569 1738 631; baseline -0.003 -10"><span class='ocrx_word' id='word_1_40' title='bbox 286 578 322 621; x_wconf 80' lang='grc' dir='ltr'><strong>δ’</strong></span> <span class='ocrx_word' id='word_1_41' title='bbox 354 577 399 629; x_wconf 77' lang='grc' dir='ltr'><strong>ἐς</strong></span> <span class='ocrx_word' id='word_1_42' title='bbox 427 573 630 631; x_wconf 75' lang='grc' dir='ltr'><strong><em>θάλαμῦν</em></strong></span> <span class='ocrx_word' id='word_1_43' title='bbox 658 572 730 619; x_wconf 75' lang='grc' dir='ltr'><strong>ἓὸν</strong></span> <span class='ocrx_word' id='word_1_44' title='bbox 759 569 838 628; x_wconf 74' lang='grc' dir='ltr'><strong>ῗίε,</strong></span> <span class='ocrx_word' id='word_1_45' title='bbox 867 580 914 618; x_wconf 93' lang='lat' dir='ltr'><strong><em>N</em></strong></span> <span class='ocrx_word' id='word_1_46' title='bbox 920 576 1004 618; x_wconf 78' lang='lat'><strong>495</strong></span> <span class='ocrx_word' id='word_1_47' title='bbox 1034 573 1095 627; x_wconf 59' lang='grc' dir='ltr'><strong>εἷς</strong></span> <span class='ocrx_word' id='word_1_48' title='bbox 1123 575 1216 619; x_wconf 62' lang='lat' dir='ltr'><strong>fide</strong></span> <span class='ocrx_word' id='word_1_49' title='bbox 1245 576 1360 618; x_wconf 75' lang='grc' dir='ltr'><strong><em>λαῶν</em></strong></span> <span class='ocrx_word' id='word_1_50' title='bbox 1392 572 1527 626; x_wconf 76' lang='grc' dir='ltr'><strong><em>ἔθνος</em></strong></span> <span class='ocrx_word' id='word_1_51' title='bbox 1571 571 1738 617; x_wconf 79' lang='grc' dir='ltr'><strong><em>ἐπισπό</em></strong></span> 
     </span>
     <span class='ocr_line' id='line_1_7' title="bbox 283 642 1740 705; baseline -0.003 -13"><span class='ocrx_word' id='word_1_52' title='bbox 283 655 414 704; x_wconf 80' lang='grc' dir='ltr'><em>μενόν</em></span> <span class='ocrx_word' id='word_1_53' title='bbox 448 645 517 691; x_wconf 76' lang='grc' dir='ltr'><strong>ἑοῖ</strong></span> <span class='ocrx_word' id='word_1_54' title='bbox 556 642 700 704; x_wconf 77' lang='grc' dir='ltr'><strong><em>αὐτῷ,</em></strong></span> <span class='ocrx_word' id='word_1_55' title='bbox 741 662 825 705; x_wconf 92' lang='lat' dir='ltr'><strong>quo</strong></span> <span class='ocrx_word' id='word_1_56' title='bbox 854 647 951 689; x_wconf 89' lang='lat' dir='ltr'><strong>loco</strong></span> <span class='ocrx_word' id='word_1_57' title='bbox 983 647 1028 689; x_wconf 92' lang='lat' dir='ltr'><strong>in</strong></span> <span class='ocrx_word' id='word_1_58' title='bbox 1057 662 1237 690; x_wconf 83' lang='lat' dir='ltr'><strong>caesura</strong></span> <span class='ocrx_word' id='word_1_59' title='bbox 1263 646 1608 690; x_wconf 86' lang='lat' dir='ltr'><strong>seminovenaria</strong></span> <span class='ocrx_word' id='word_1_60' title='bbox 1639 652 1740 688; x_wconf 86' lang='lat' dir='ltr'><strong>ante</strong></span> 
     </span>
     <span class='ocr_line' id='line_1_8' title="bbox 284 718 1740 775; baseline -0.003 -11"><span class='ocrx_word' id='word_1_61' title='bbox 284 718 353 764; x_wconf 75' lang='grc' dir='ltr'><strong>ἑοῖ</strong></span> <span class='ocrx_word' id='word_1_62' title='bbox 382 721 557 762; x_wconf 86' lang='lat' dir='ltr'><strong>brevem</strong></span> <span class='ocrx_word' id='word_1_63' title='bbox 592 719 805 774; x_wconf 82' lang='lat' dir='ltr'><strong>syllabam</strong></span> <span class='ocrx_word' id='word_1_64' title='bbox 836 719 883 761; x_wconf 90' lang='lat' dir='ltr'><strong>in</strong></span> <span class='ocrx_word' id='word_1_65' title='bbox 915 733 1148 762; x_wconf 86' lang='lat' dir='ltr'><strong>consonam</strong></span> <span class='ocrx_word' id='word_1_66' title='bbox 1183 718 1356 761; x_wconf 82' lang='lat' dir='ltr'><strong>literam</strong></span> <span class='ocrx_word' id='word_1_67' title='bbox 1384 723 1618 760; x_wconf 86' lang='lat' dir='ltr'><strong>exeuntem</strong></span> <span class='ocrx_word' id='word_1_68' title='bbox 1642 731 1740 775; x_wconf 89' lang='lat' dir='ltr'><strong>pro-</strong></span> 
     </span>
     <span class='ocr_line' id='line_1_9' title="bbox 289 788 1741 847; baseline -0.002 -13"><span class='ocrx_word' id='word_1_69' title='bbox 289 792 463 835; x_wconf 86' lang='lat' dir='ltr'><strong>ductam</strong></span> <span class='ocrx_word' id='word_1_70' title='bbox 494 791 750 833; x_wconf 86' lang='lat' dir='ltr'><strong>invenimus.</strong></span> <span class='ocrx_word' id='word_1_71' title='bbox 800 788 895 845; x_wconf 76' lang='grc' dir='ltr'><em>ἑοῖ,</em></span> <span class='ocrx_word' id='word_1_72' title='bbox 943 792 1124 833; x_wconf 85' lang='lat' dir='ltr'><strong>formam</strong></span> <span class='ocrx_word' id='word_1_73' title='bbox 1167 789 1434 847; x_wconf 86' lang='lat' dir='ltr'><strong>pronominis</strong></span> <span class='ocrx_word' id='word_1_74' title='bbox 1485 789 1741 846; x_wconf 85' lang='lat' dir='ltr'><strong>personalis,</strong></span> 
     </span>
     <span class='ocr_line' id='line_1_10' title="bbox 284 858 1741 920; baseline -0.002 -15"><span class='ocrx_word' id='word_1_75' title='bbox 284 862 465 905; x_wconf 88' lang='lat' dir='ltr'><strong>multum</strong></span> <span class='ocrx_word' id='word_1_76' title='bbox 496 862 641 904; x_wconf 88' lang='lat' dir='ltr'><strong>valere</strong></span> <span class='ocrx_word' id='word_1_77' title='bbox 669 861 723 904; x_wconf 90' lang='lat' dir='ltr'><strong>ad</strong></span> <span class='ocrx_word' id='word_1_78' title='bbox 750 861 1040 920; x_wconf 86' lang='lat' dir='ltr'><strong>possessivum</strong></span> <span class='ocrx_word' id='word_1_79' title='bbox 1071 858 1142 913; x_wconf 74' lang='grc' dir='ltr'><strong>ἑός</strong></span> <span class='ocrx_word' id='word_1_80' title='bbox 1170 868 1288 904; x_wconf 87' lang='lat' dir='ltr'><strong>recte</strong></span> <span class='ocrx_word' id='word_1_81' title='bbox 1319 860 1641 917; x_wconf 86' lang='lat' dir='ltr'><strong>explicandum,</strong></span> <span class='ocrx_word' id='word_1_82' title='bbox 1671 876 1741 902; x_wconf 69' lang='lat' dir='ltr'><strong>su-</strong></span> 
     </span>
     <span class='ocr_line' id='line_1_11' title="bbox 283 933 1736 991; baseline -0.001 -16"><span class='ocrx_word' id='word_1_83' title='bbox 283 948 361 991; x_wconf 89' lang='lat' dir='ltr'><strong>pra</strong></span> <span class='ocrx_word' id='word_1_84' title='bbox 389 933 700 987; x_wconf 86' lang='lat' dir='ltr'><strong>intelleximus,</strong></span> <span class='ocrx_word' id='word_1_85' title='bbox 743 948 839 975; x_wconf 92' lang='lat' dir='ltr'><strong>cum</strong></span> <span class='ocrx_word' id='word_1_86' title='bbox 869 934 949 975; x_wconf 87' lang='lat' dir='ltr'><strong>sub</strong></span> <span class='ocrx_word' id='word_1_87' title='bbox 980 939 1161 988; x_wconf 88' lang='lat' dir='ltr'><strong>utraque</strong></span> <span class='ocrx_word' id='word_1_88' title='bbox 1192 934 1332 975; x_wconf 84' lang='lat' dir='ltr'><strong>forma</strong></span> <span class='ocrx_word' id='word_1_89' title='bbox 1362 933 1542 990; x_wconf 88' lang='lat' dir='ltr'><strong>stirpem</strong></span> <span class='ocrx_word' id='word_1_90' title='bbox 1582 933 1736 985; x_wconf 82' lang='lat' dir='ltr'><strong>„sava“</strong></span> 
     </span>
     <span class='ocr_line' id='line_1_12' title="bbox 283 1001 1738 1061; baseline -0.001 -15"><span class='ocrx_word' id='word_1_91' title='bbox 283 1004 498 1047; x_wconf 80' lang='lat' dir='ltr'><strong>occultam</strong></span> <span class='ocrx_word' id='word_1_92' title='bbox 531 1018 640 1058; x_wconf 87' lang='lat' dir='ltr'><strong>esse,</strong></span> <span class='ocrx_word' id='word_1_93' title='bbox 683 1004 869 1061; x_wconf 89' lang='lat' dir='ltr'><strong>ideoque</strong></span> <span class='ocrx_word' id='word_1_94' title='bbox 906 1004 1091 1060; x_wconf 85' lang='lat' dir='ltr'><strong>primam</strong></span> <span class='ocrx_word' id='word_1_95' title='bbox 1123 1003 1337 1060; x_wconf 83' lang='lat' dir='ltr'><strong>syllabam</strong></span> <span class='ocrx_word' id='word_1_96' title='bbox 1367 1001 1388 1047; x_wconf 75' lang='grc' dir='ltr'><em>ἑ</em></span> <span class='ocrx_word' id='word_1_97' title='bbox 1416 1004 1600 1046; x_wconf 87' lang='lat' dir='ltr'><strong>eandem</strong></span> <span class='ocrx_word' id='word_1_98' title='bbox 1632 1017 1738 1061; x_wconf 87' lang='lat' dir='ltr'><strong>prae</strong></span> 
     </span>
     <span class='ocr_line' id='line_1_13' title="bbox 280 1075 1738 1131; baseline -0.001 -13"><span class='ocrx_word' id='word_1_99' title='bbox 280 1089 327 1118; x_wconf 89' lang='lat' dir='ltr'><strong>se</strong></span> <span class='ocrx_word' id='word_1_100' title='bbox 357 1075 475 1117; x_wconf 83' lang='lat' dir='ltr'><strong>ferre</strong></span> <span class='ocrx_word' id='word_1_101' title='bbox 504 1075 717 1131; x_wconf 85' lang='lat' dir='ltr'><strong>originem</strong></span> <span class='ocrx_word' id='word_1_102' title='bbox 748 1075 1075 1119; x_wconf 87' lang='lat' dir='ltr'><strong>ostenderimus.</strong></span> <span class='ocrx_word' id='word_1_103' title='bbox 1154 1076 1444 1118; x_wconf 84' lang='lat' dir='ltr'><strong>Hoffmannus</strong></span> <span class='ocrx_word' id='word_1_104' title='bbox 1486 1075 1660 1131; x_wconf 90' lang='lat' dir='ltr'><strong>quidem</strong></span> <span class='ocrx_word' id='word_1_105' title='bbox 1694 1076 1738 1126; x_wconf 91' lang='lat' dir='ltr'><strong>(I</strong></span> 
     </span>
     <span class='ocr_line' id='line_1_14' title="bbox 282 1147 1738 1205; baseline 0 -15"><span class='ocrx_word' id='word_1_106' title='bbox 282 1162 324 1204; x_wconf 89' lang='lat' dir='ltr'><strong>p.</strong></span> <span class='ocrx_word' id='word_1_107' title='bbox 346 1147 442 1202; x_wconf 89' lang='lat'>103)</span> <span class='ocrx_word' id='word_1_108' title='bbox 471 1148 552 1190; x_wconf 89' lang='lat' dir='ltr'><strong>hac</strong></span> <span class='ocrx_word' id='word_1_109' title='bbox 581 1147 866 1205; x_wconf 87' lang='lat' dir='ltr'><strong>productione</strong></span> <span class='ocrx_word' id='word_1_110' title='bbox 895 1147 1006 1191; x_wconf 92' lang='lat' dir='ltr'><strong>nihil</strong></span> <span class='ocrx_word' id='word_1_111' title='bbox 1024 1147 1313 1191; x_wconf 88' lang='lat' dir='ltr'><strong>demonstrari</strong></span> <span class='ocrx_word' id='word_1_112' title='bbox 1328 1161 1457 1205; x_wconf 88' lang='lat' dir='ltr'><strong>posse</strong></span> <span class='ocrx_word' id='word_1_113' title='bbox 1477 1148 1617 1202; x_wconf 88' lang='lat' dir='ltr'><strong>docet,</strong></span> <span class='ocrx_word' id='word_1_114' title='bbox 1640 1162 1738 1190; x_wconf 84' lang='lat' dir='ltr'><strong>eum</strong></span> 
     </span>
     <span class='ocr_line' id='line_1_15' title="bbox 282 1218 1737 1277; baseline -0.001 -16"><span class='ocrx_word' id='word_1_115' title='bbox 282 1219 338 1261; x_wconf 84' lang='lat' dir='ltr'><strong>ad</strong></span> <span class='ocrx_word' id='word_1_116' title='bbox 367 1234 438 1262; x_wconf 85' lang='lat' dir='ltr'><strong>eas</strong></span> <span class='ocrx_word' id='word_1_117' title='bbox 466 1219 697 1277; x_wconf 85' lang='lat' dir='ltr'><strong>pertineat,</strong></span> <span class='ocrx_word' id='word_1_118' title='bbox 732 1233 841 1276; x_wconf 88' lang='lat' dir='ltr'><strong>qua-e</strong></span> <span class='ocrx_word' id='word_1_119' title='bbox 859 1218 1105 1262; x_wconf 88' lang='lat' dir='ltr'><strong>efficiuntur</strong></span> <span class='ocrx_word' id='word_1_120' title='bbox 1119 1218 1164 1261; x_wconf 89' lang='lat' dir='ltr'><strong>in</strong></span> <span class='ocrx_word' id='word_1_121' title='bbox 1180 1232 1360 1261; x_wconf 87' lang='lat' dir='ltr'><strong>caesura</strong></span> <span class='ocrx_word' id='word_1_122' title='bbox 1380 1218 1737 1261; x_wconf 87' lang='lat' dir='ltr'><strong>seminovenaria.</strong></span> 
     </span>
     <span class='ocr_line' id='line_1_16' title="bbox 281 1289 1736 1346; baseline -0.001 -11"><span class='ocrx_word' id='word_1_123' title='bbox 281 1289 370 1335; x_wconf 80' lang='lat' dir='ltr'><strong>Sed</strong></span> <span class='ocrx_word' id='word_1_124' title='bbox 403 1290 646 1345; x_wconf 85' lang='lat' dir='ltr'><strong>videamus,</strong></span> <span class='ocrx_word' id='word_1_125' title='bbox 689 1290 793 1346; x_wconf 88' lang='lat' dir='ltr'><strong>quid</strong></span> <span class='ocrx_word' id='word_1_126' title='bbox 823 1291 877 1333; x_wconf 89' lang='lat' dir='ltr'><strong>de</strong></span> <span class='ocrx_word' id='word_1_127' title='bbox 907 1291 987 1333; x_wconf 88' lang='lat' dir='ltr'><strong>hac</strong></span> <span class='ocrx_word' id='word_1_128' title='bbox 1017 1290 1268 1333; x_wconf 88' lang='lat' dir='ltr'><strong>Hoffmanni</strong></span> <span class='ocrx_word' id='word_1_129' title='bbox 1302 1292 1518 1334; x_wconf 88' lang='lat' dir='ltr'><strong>sententia</strong></span> <span class='ocrx_word' id='word_1_130' title='bbox 1545 1290 1736 1334; x_wconf 61' lang='lat' dir='ltr'><strong>iudicum&gt;</strong></span> 
     </span>
     <span class='ocr_line' id='line_1_17' title="bbox 281 1360 1736 1418; baseline 0 -15"><span class='ocrx_word' id='word_1_131' title='bbox 281 1360 383 1404; x_wconf 87' lang='lat' dir='ltr'><strong>dum</strong></span> <span class='ocrx_word' id='word_1_132' title='bbox 417 1362 484 1403; x_wconf 79' lang='lat' dir='ltr'><strong>sit.</strong></span> <span class='ocrx_word' id='word_1_133' title='bbox 561 1361 629 1403; x_wconf 85' lang='lat' dir='ltr'><strong>Ex</strong></span> <span class='ocrx_word' id='word_1_134' title='bbox 657 1362 742 1403; x_wconf 91' lang='lat' dir='ltr'><strong>illis</strong></span> <span class='ocrx_word' id='word_1_135' title='bbox 775 1362 981 1404; x_wconf 81' lang='lat' dir='ltr'><strong>undecim</strong></span> <span class='ocrx_word' id='word_1_136' title='bbox 1022 1362 1250 1418; x_wconf 76' lang='lat' dir='ltr'><strong>exempliS,</strong></span> <span class='ocrx_word' id='word_1_137' title='bbox 1291 1362 1446 1417; x_wconf 87' lang='lat' dir='ltr'><strong>quibus</strong></span> <span class='ocrx_word' id='word_1_138' title='bbox 1489 1362 1565 1404; x_wconf 90' lang='lat' dir='ltr'><strong>ille</strong></span> <span class='ocrx_word' id='word_1_139' title='bbox 1594 1361 1650 1405; x_wconf 90' lang='lat' dir='ltr'><strong>V.</strong></span> <span class='ocrx_word' id='word_1_140' title='bbox 1680 1361 1736 1403; x_wconf 91' lang='lat' dir='ltr'><strong>D.</strong></span> 
     </span>
     <span class='ocr_line' id='line_1_18' title="bbox 286 1432 1736 1490; baseline 0 -15"><span class='ocrx_word' id='word_1_141' title='bbox 286 1432 533 1490; x_wconf 90' lang='lat' dir='ltr'><strong>opinionem</strong></span> <span class='ocrx_word' id='word_1_142' title='bbox 563 1448 681 1476; x_wconf 85' lang='lat' dir='ltr'><strong>suam</strong></span> <span class='ocrx_word' id='word_1_143' title='bbox 710 1433 882 1478; x_wconf 88' lang='lat' dir='ltr'><strong>firmare</strong></span> <span class='ocrx_word' id='word_1_144' title='bbox 913 1433 1018 1488; x_wconf 90' lang='lat' dir='ltr'><strong>vult,</strong></span> <span class='ocrx_word' id='word_1_145' title='bbox 1046 1447 1126 1476; x_wconf 86' lang='lat' dir='ltr'><strong>sex</strong></span> <span class='ocrx_word' id='word_1_146' title='bbox 1158 1433 1370 1476; x_wconf 87' lang='lat' dir='ltr'><strong>eiusmodi</strong></span> <span class='ocrx_word' id='word_1_147' title='bbox 1400 1439 1514 1488; x_wconf 88' lang='lat' dir='ltr'><strong>sunt,</strong></span> <span class='ocrx_word' id='word_1_148' title='bbox 1551 1439 1598 1475; x_wconf 85' lang='lat' dir='ltr'><strong>ut</strong></span> <span class='ocrx_word' id='word_1_149' title='bbox 1639 1447 1736 1490; x_wconf 88' lang='lat' dir='ltr'><strong>pro-</strong></span> 
     </span>
     <span class='ocr_line' id='line_1_19' title="bbox 283 1502 1736 1559; baseline 0.001 -15"><span class='ocrx_word' id='word_1_150' title='bbox 283 1502 510 1544; x_wconf 85' lang='lat' dir='ltr'><strong>ductiones</strong></span> <span class='ocrx_word' id='word_1_151' title='bbox 544 1516 567 1544; x_wconf 91' lang='lat' dir='ltr'><strong>e</strong></span> <span class='ocrx_word' id='word_1_152' title='bbox 597 1503 736 1545; x_wconf 89' lang='lat' dir='ltr'><strong>literis</strong></span> <span class='ocrx_word' id='word_1_153' title='bbox 763 1503 997 1545; x_wconf 81' lang='lat' dir='ltr'><strong>initialibus</strong></span> <span class='ocrx_word' id='word_1_154' title='bbox 1022 1520 1049 1545; x_wconf 67' lang='lat' dir='ltr'><strong><em>F</em></strong></span> <span class='ocrx_word' id='word_1_155' title='bbox 1079 1519 1114 1557; x_wconf 89' lang='lat' dir='ltr'><strong>s,</strong></span> <span class='ocrx_word' id='word_1_156' title='bbox 1138 1505 1172 1559; x_wconf 90' lang='lat' dir='ltr'><strong>j,</strong></span> <span class='ocrx_word' id='word_1_157' title='bbox 1202 1503 1357 1558; x_wconf 86' lang='lat' dir='ltr'><strong>quibus</strong></span> <span class='ocrx_word' id='word_1_158' title='bbox 1386 1503 1622 1559; x_wconf 89' lang='lat' dir='ltr'><strong>antiquitus</strong></span> <span class='ocrx_word' id='word_1_159' title='bbox 1652 1502 1736 1545; x_wconf 82' lang='lat' dir='ltr'><strong>sin-</strong></span> 
     </span>
     <span class='ocr_line' id='line_1_20' title="bbox 279 1574 1736 1632; baseline 0 -16"><span class='ocrx_word' id='word_1_160' title='bbox 279 1574 412 1629; x_wconf 87' lang='lat' dir='ltr'><strong>gulae</strong></span> <span class='ocrx_word' id='word_1_161' title='bbox 438 1587 570 1617; x_wconf 87' lang='lat' dir='ltr'><strong>voces</strong></span> <span class='ocrx_word' id='word_1_162' title='bbox 600 1574 835 1618; x_wconf 86' lang='lat' dir='ltr'><strong>instructae</strong></span> <span class='ocrx_word' id='word_1_163' title='bbox 879 1574 1069 1629; x_wconf 87' lang='lat' dir='ltr'><strong>fuerunt,</strong></span> <span class='ocrx_word' id='word_1_164' title='bbox 1117 1580 1279 1617; x_wconf 80' lang='lat' dir='ltr'><strong>rectam</strong></span> <span class='ocrx_word' id='word_1_165' title='bbox 1322 1580 1523 1632; x_wconf 86' lang='lat' dir='ltr'><strong>repetant</strong></span> <span class='ocrx_word' id='word_1_166' title='bbox 1557 1588 1736 1618; x_wconf 88' lang='lat' dir='ltr'><strong>excusa-</strong></span> 
     </span>
     <span class='ocr_line' id='line_1_21' title="bbox 280 1644 1737 1704; baseline 0.001 -17"><span class='ocrx_word' id='word_1_167' title='bbox 280 1645 457 1689; x_wconf 86' lang='lat' dir='ltr'><strong>tionem.</strong></span> <span class='ocrx_word' id='word_1_168' title='bbox 515 1645 590 1689; x_wconf 77' lang='lat' dir='ltr'><strong>Sic</strong></span> <span class='ocrx_word' id='word_1_169' title='bbox 619 1647 757 1689; x_wconf 68' lang='lat'>9765</span> <span class='ocrx_word' id='word_1_170' title='bbox 784 1646 892 1689; x_wconf 89' lang='lat' dir='ltr'><strong>nihil</strong></span> <span class='ocrx_word' id='word_1_171' title='bbox 933 1647 1080 1689; x_wconf 83' lang='lat' dir='ltr'><strong>valere</strong></span> <span class='ocrx_word' id='word_1_172' title='bbox 1124 1652 1279 1704; x_wconf 87' lang='lat' dir='ltr'><strong>potest,</strong></span> <span class='ocrx_word' id='word_1_173' title='bbox 1326 1646 1441 1703; x_wconf 87' lang='lat' dir='ltr'><strong>quod</strong></span> <span class='ocrx_word' id='word_1_174' title='bbox 1486 1644 1585 1698; x_wconf 78' lang='grc' dir='ltr'><strong><em>ἔτος</em></strong></span> <span class='ocrx_word' id='word_1_175' title='bbox 1614 1663 1639 1689; x_wconf 83' lang='lat' dir='ltr'><strong>a</strong></span> <span class='ocrx_word' id='word_1_176' title='bbox 1670 1646 1737 1689; x_wconf 77' lang='lat' dir='ltr'><strong>di-</strong></span> 
     </span>
     <span class='ocr_line' id='line_1_22' title="bbox 279 1717 1735 1776; baseline 0.001 -17"><span class='ocrx_word' id='word_1_177' title='bbox 279 1730 453 1772; x_wconf 87' lang='lat' dir='ltr'><strong>gammo</strong></span> <span class='ocrx_word' id='word_1_178' title='bbox 488 1717 758 1761; x_wconf 83' lang='lat' dir='ltr'><strong>inchoavisse</strong></span> <span class='ocrx_word' id='word_1_179' title='bbox 787 1717 869 1760; x_wconf 88' lang='lat' dir='ltr'><strong>iam</strong></span> <span class='ocrx_word' id='word_1_180' title='bbox 903 1717 976 1760; x_wconf 89' lang='lat' dir='ltr'><strong>diu</strong></span> <span class='ocrx_word' id='word_1_181' title='bbox 1008 1724 1190 1772; x_wconf 85' lang='lat' dir='ltr'><strong>constat,</strong></span> <span class='ocrx_word' id='word_1_182' title='bbox 1221 1718 1273 1761; x_wconf 88' lang='lat' dir='ltr'><strong>cf.</strong></span> <span class='ocrx_word' id='word_1_183' title='bbox 1292 1717 1482 1760; x_wconf 90' lang='lat' dir='ltr'><strong>Leskien</strong></span> <span class='ocrx_word' id='word_1_184' title='bbox 1499 1718 1527 1761; x_wconf 88' lang='lat' dir='ltr'><strong>l.</strong></span> <span class='ocrx_word' id='word_1_185' title='bbox 1545 1733 1583 1762; x_wconf 91' lang='lat' dir='ltr'><strong>c.</strong></span> <span class='ocrx_word' id='word_1_186' title='bbox 1609 1734 1651 1776; x_wconf 89' lang='lat' dir='ltr'><strong>p.</strong></span> <span class='ocrx_word' id='word_1_187' title='bbox 1672 1719 1735 1761; x_wconf 87' lang='lat'><strong>13.</strong></span> 
     </span>
     <span class='ocr_line' id='line_1_23' title="bbox 280 1788 1735 1848; baseline 0.001 -19"><span class='ocrx_word' id='word_1_188' title='bbox 280 1788 433 1832; x_wconf 89' lang='lat' dir='ltr'><strong>Peters</strong></span> <span class='ocrx_word' id='word_1_189' title='bbox 465 1790 492 1833; x_wconf 93' lang='lat' dir='ltr'><strong>l.</strong></span> <span class='ocrx_word' id='word_1_190' title='bbox 520 1805 558 1832; x_wconf 91' lang='lat' dir='ltr'><strong>c.</strong></span> <span class='ocrx_word' id='word_1_191' title='bbox 593 1805 634 1847; x_wconf 92' lang='lat' dir='ltr'><strong>p.</strong></span> <span class='ocrx_word' id='word_1_192' title='bbox 657 1790 721 1832; x_wconf 85' lang='lat'><strong>17.</strong></span> <span class='ocrx_word' id='word_1_193' title='bbox 754 1789 876 1833; x_wconf 84' lang='lat' dir='ltr'><strong>Gurt.</strong></span> <span class='ocrx_word' id='word_1_194' title='bbox 900 1804 942 1846; x_wconf 89' lang='lat' dir='ltr'><strong>p.</strong></span> <span class='ocrx_word' id='word_1_195' title='bbox 963 1790 1055 1833; x_wconf 87' lang='lat'><strong>189.</strong></span> <span class='ocrx_word' id='word_1_196' title='bbox 1116 1790 1264 1833; x_wconf 85' lang='lat' dir='ltr'><strong>Litera</strong></span> <span class='ocrx_word' id='word_1_197' title='bbox 1294 1789 1475 1847; x_wconf 81' lang='lat' dir='ltr'><strong>spiranti</strong></span> <span class='ocrx_word' id='word_1_198' title='bbox 1503 1805 1538 1844; x_wconf 83' lang='lat' dir='ltr'><strong>s,</strong></span> <span class='ocrx_word' id='word_1_199' title='bbox 1583 1805 1609 1831; x_wconf 87' lang='lat' dir='ltr'><strong>a</strong></span> <span class='ocrx_word' id='word_1_200' title='bbox 1651 1805 1735 1848; x_wconf 85' lang='lat' dir='ltr'><strong>qua</strong></span> 
     </span>
     <span class='ocr_line' id='line_1_24' title="bbox 280 1857 1734 1920; baseline 0.001 -18"><span class='ocrx_word' id='word_1_201' title='bbox 280 1859 460 1903; x_wconf 86' lang='lat' dir='ltr'><strong>verbum</strong></span> <span class='ocrx_word' id='word_1_202' title='bbox 500 1857 586 1914; x_wconf 73' lang='grc' dir='ltr'><strong>ἔχω</strong></span> <span class='ocrx_word' id='word_1_203' title='bbox 617 1860 890 1904; x_wconf 86' lang='lat' dir='ltr'><strong>inchoavisse</strong></span> <span class='ocrx_word' id='word_1_204' title='bbox 934 1860 1325 1904; x_wconf 86' lang='lat' dir='ltr'><strong>demonstravimus</strong></span> <span class='ocrx_word' id='word_1_205' title='bbox 1355 1861 1428 1916; x_wconf 87' lang='lat' dir='ltr'><strong>(cf.</strong></span> <span class='ocrx_word' id='word_1_206' title='bbox 1458 1877 1499 1920; x_wconf 89' lang='lat' dir='ltr'><strong>p.</strong></span> <span class='ocrx_word' id='word_1_207' title='bbox 1517 1861 1607 1916; x_wconf 90' lang='lat'><strong>40),</strong></span> <span class='ocrx_word' id='word_1_208' title='bbox 1636 1876 1734 1919; x_wconf 91' lang='lat' dir='ltr'><strong>pro-</strong></span> 
     </span>
     <span class='ocr_line' id='line_1_25' title="bbox 280 1931 1735 1990; baseline 0.003 -17"><span class='ocrx_word' id='word_1_209' title='bbox 280 1931 521 1986; x_wconf 76' lang='lat' dir='ltr'><strong>ductiones,</strong></span> <span class='ocrx_word' id='word_1_210' title='bbox 568 1947 677 1990; x_wconf 87' lang='lat' dir='ltr'><strong>quae</strong></span> <span class='ocrx_word' id='word_1_211' title='bbox 705 1933 987 1976; x_wconf 89' lang='lat' dir='ltr'><strong>inveniuntur</strong></span> <span class='ocrx_word' id='word_1_212' title='bbox 1016 1934 1158 1977; x_wconf 82' lang='lat' dir='ltr'><strong>E752.</strong></span> <span class='ocrx_word' id='word_1_213' title='bbox 1193 1934 1340 1989; x_wconf 72' lang='grc'><strong>9396,</strong></span> <span class='ocrx_word' id='word_1_214' title='bbox 1374 1941 1590 1977; x_wconf 85' lang='lat' dir='ltr'><strong>sanantur.</strong></span> <span class='ocrx_word' id='word_1_215' title='bbox 1666 1934 1735 1976; x_wconf 91' lang='lat' dir='ltr'><strong>Ibi</strong></span> 
     </span>
     <span class='ocr_line' id='line_1_26' title="bbox 280 2003 1720 2060; baseline 0.001 -14"><span class='ocrx_word' id='word_1_216' title='bbox 280 2003 395 2046; x_wconf 91' lang='lat' dir='ltr'><strong>enim</strong></span> <span class='ocrx_word' id='word_1_217' title='bbox 424 2004 634 2060; x_wconf 86' lang='lat' dir='ltr'><strong>legimus:</strong></span> <span class='ocrx_word' id='word_1_218' title='bbox 1718 2026 1720 2028; x_wconf 84' lang='lat'><em>-</em></span> 
     </span>
    </p>
   </div>
   <div class='ocr_carea' id='block_1_3' title="bbox 736 2093 1186 2150">
    <p class='ocr_par' dir='ltr' id='par_1_3' title="bbox 736 2093 1186 2150">
     <span class='ocr_line' id='line_1_27' title="bbox 736 2093 1186 2150; baseline 0.007 -14"><span class='ocrx_word' id='word_1_219' title='bbox 736 2095 1016 2150; x_wconf 79' lang='grc' dir='ltr'><strong><em>κεντρηνεκέᾱ</em></strong></span> <span class='ocrx_word' id='word_1_220' title='bbox 1020 2112 1042 2146; x_wconf 83' lang='grc' dir='ltr'><strong><em>ς</em></strong></span> <span class='ocrx_word' id='word_1_221' title='bbox 1076 2093 1186 2148; x_wconf 74' lang='grc' dir='ltr'><em>ἔχον.</em></span> 
     </span>
    </p>
   </div>
   <div class='ocr_carea' id='block_1_4' title="bbox 278 2204 1736 2769">
    <p class='ocr_par' dir='ltr' id='par_1_4' title="bbox 278 2204 1736 2769">
     <span class='ocr_line' id='line_1_28' title="bbox 410 2204 1733 2263; baseline 0.002 -14"><span class='ocrx_word' id='word_1_222' title='bbox 410 2205 591 2262; x_wconf 86' lang='lat' dir='ltr'><strong>Spirans</strong></span> <span class='ocrx_word' id='word_1_223' title='bbox 617 2204 814 2263; x_wconf 85' lang='lat' dir='ltr'><strong>palatalis</strong></span> <span class='ocrx_word' id='word_1_224' title='bbox 838 2206 873 2261; x_wconf 86' lang='lat' dir='ltr'><strong>j,</strong></span> <span class='ocrx_word' id='word_1_225' title='bbox 911 2221 935 2248; x_wconf 86' lang='lat' dir='ltr'><strong>a</strong></span> <span class='ocrx_word' id='word_1_226' title='bbox 965 2220 1048 2261; x_wconf 85' lang='lat' dir='ltr'><strong>qua</strong></span> <span class='ocrx_word' id='word_1_227' title='bbox 1081 2220 1323 2263; x_wconf 88' lang='lat' dir='ltr'><strong>pronomen</strong></span> <span class='ocrx_word' id='word_1_228' title='bbox 1355 2208 1581 2251; x_wconf 86' lang='lat' dir='ltr'><strong>relativum</strong></span> <span class='ocrx_word' id='word_1_229' title='bbox 1615 2208 1733 2252; x_wconf 89' lang='lat' dir='ltr'><strong>ince-</strong></span> 
     </span>
     <span class='ocr_line' id='line_1_29' title="bbox 278 2276 1735 2336; baseline 0.003 -17"><span class='ocrx_word' id='word_1_230' title='bbox 278 2276 394 2334; x_wconf 86' lang='lat' dir='ltr'><strong>pisse</strong></span> <span class='ocrx_word' id='word_1_231' title='bbox 423 2283 589 2320; x_wconf 85' lang='lat' dir='ltr'><strong>constat</strong></span> <span class='ocrx_word' id='word_1_232' title='bbox 605 2277 681 2334; x_wconf 89' lang='lat' dir='ltr'><strong>(cf.</strong></span> <span class='ocrx_word' id='word_1_233' title='bbox 700 2292 742 2335; x_wconf 92' lang='lat' dir='ltr'><strong>p.</strong></span> <span class='ocrx_word' id='word_1_234' title='bbox 756 2277 844 2333; x_wconf 86' lang='lat'>98),</span> <span class='ocrx_word' id='word_1_235' title='bbox 874 2276 1162 2335; x_wconf 88' lang='lat' dir='ltr'><strong>productioni,</strong></span> <span class='ocrx_word' id='word_1_236' title='bbox 1188 2292 1298 2336; x_wconf 87' lang='lat' dir='ltr'><strong>quae</strong></span> <span class='ocrx_word' id='word_1_237' title='bbox 1315 2285 1436 2322; x_wconf 82' lang='lat' dir='ltr'><strong>extat</strong></span> <span class='ocrx_word' id='word_1_238' title='bbox 1464 2280 1584 2323; x_wconf 76' lang='lat' dir='ltr'><strong>A85</strong></span> <span class='ocrx_word' id='word_1_239' title='bbox 1612 2281 1735 2336; x_wconf 75' lang='grc' dir='ltr'>(θεο-</span> 
     </span>
     <span class='ocr_line' id='line_1_30' title="bbox 278 2346 1736 2410; baseline 0.005 -20"><span class='ocrx_word' id='word_1_240' title='bbox 278 2346 479 2403; x_wconf 79' lang='grc' dir='ltr'><em>πρόπιὸν</em></span> <span class='ocrx_word' id='word_1_241' title='bbox 511 2346 576 2410; x_wconf 72' lang='grc' dir='ltr'><strong>ὅτι</strong></span> <span class='ocrx_word' id='word_1_242' title='bbox 608 2346 809 2406; x_wconf 57' lang='lat' dir='ltr'><strong>solome),</strong></span> <span class='ocrx_word' id='word_1_243' title='bbox 845 2350 1004 2392; x_wconf 90' lang='lat' dir='ltr'><strong>iustum</strong></span> <span class='ocrx_word' id='word_1_244' title='bbox 1036 2350 1166 2393; x_wconf 87' lang='lat' dir='ltr'><strong>affert</strong></span> <span class='ocrx_word' id='word_1_245' title='bbox 1196 2351 1417 2395; x_wconf 79' lang='lat' dir='ltr'><strong>auxilium.</strong></span> <span class='ocrx_word' id='word_1_246' title='bbox 1493 2352 1563 2395; x_wconf 91' lang='lat' dir='ltr'><strong>De</strong></span> <span class='ocrx_word' id='word_1_247' title='bbox 1592 2353 1736 2398; x_wconf 61' lang='lat'><strong>³:589,</strong></span> 
     </span>
     <span class='ocr_line' id='line_1_31' title="bbox 278 2421 1735 2483; baseline 0.003 -20"><span class='ocrx_word' id='word_1_248' title='bbox 278 2421 350 2464; x_wconf 92' lang='lat' dir='ltr'><strong>ubi</strong></span> <span class='ocrx_word' id='word_1_249' title='bbox 367 2421 577 2476; x_wconf 85' lang='lat' dir='ltr'><strong>legimus:</strong></span> <span class='ocrx_word' id='word_1_250' title='bbox 607 2422 874 2480; x_wconf 80' lang='grc' dir='ltr'><strong><em>κατηρεφέᾶς</em></strong></span> <span class='ocrx_word' id='word_1_251' title='bbox 900 2421 966 2467; x_wconf 78' lang='grc' dir='ltr'><strong>ἰδὲ</strong></span> <span class='ocrx_word' id='word_1_252' title='bbox 992 2423 1044 2467; x_wconf 86' lang='lat' dir='ltr'><strong>cf.</strong></span> <span class='ocrx_word' id='word_1_253' title='bbox 1065 2438 1106 2480; x_wconf 88' lang='lat' dir='ltr'><strong>p.</strong></span> <span class='ocrx_word' id='word_1_254' title='bbox 1127 2423 1229 2477; x_wconf 81' lang='lat'>1033</span> <span class='ocrx_word' id='word_1_255' title='bbox 1260 2430 1387 2481; x_wconf 84' lang='lat' dir='ltr'><strong>atque</strong></span> <span class='ocrx_word' id='word_1_256' title='bbox 1415 2424 1458 2471; x_wconf 88' lang='grc' dir='ltr'><em>Ξ</em></span> <span class='ocrx_word' id='word_1_257' title='bbox 1465 2425 1547 2467; x_wconf 83' lang='grc'><strong>357</strong></span> <span class='ocrx_word' id='word_1_258' title='bbox 1577 2425 1735 2483; x_wconf 86' lang='lat' dir='ltr'><strong>produ—</strong></span> 
     </span>
     <span class='ocr_line' id='line_1_32' title="bbox 278 2492 1732 2550; baseline 0.005 -16"><span class='ocrx_word' id='word_1_259' title='bbox 278 2492 468 2535; x_wconf 90' lang='lat' dir='ltr'><strong>ctionem</strong></span> <span class='ocrx_word' id='word_1_260' title='bbox 497 2493 691 2548; x_wconf 85' lang='lat' dir='ltr'><strong>syllabae</strong></span> <span class='ocrx_word' id='word_1_261' title='bbox 721 2509 771 2536; x_wconf 84' lang='grc' dir='ltr'><strong>ον</strong></span> <span class='ocrx_word' id='word_1_262' title='bbox 801 2495 845 2537; x_wconf 92' lang='lat' dir='ltr'><strong>in</strong></span> <span class='ocrx_word' id='word_1_263' title='bbox 875 2495 1137 2549; x_wconf 80' lang='grc' dir='ltr'><em>Ποσείδαόν,</em></span> <span class='ocrx_word' id='word_1_264' title='bbox 1180 2492 1367 2550; x_wconf 75' lang='grc' dir='ltr'><strong><em>ἐπάμυνε</em></strong></span> <span class='ocrx_word' id='word_1_265' title='bbox 1397 2511 1421 2538; x_wconf 94' lang='lat' dir='ltr'><strong>e</strong></span> <span class='ocrx_word' id='word_1_266' title='bbox 1447 2498 1631 2539; x_wconf 88' lang='lat' dir='ltr'><strong>vocativi</strong></span> <span class='ocrx_word' id='word_1_267' title='bbox 1662 2514 1732 2541; x_wconf 87' lang='lat' dir='ltr'><strong>na-</strong></span> 
     </span>
     <span class='ocr_line' id='line_1_33' title="bbox 278 2564 1731 2625; baseline 0.006 -20"><span class='ocrx_word' id='word_1_268' title='bbox 278 2570 374 2606; x_wconf 89' lang='lat' dir='ltr'><strong>tura</strong></span> <span class='ocrx_word' id='word_1_269' title='bbox 412 2564 616 2620; x_wconf 87' lang='lat' dir='ltr'><strong>optimam</strong></span> <span class='ocrx_word' id='word_1_270' title='bbox 651 2566 843 2609; x_wconf 85' lang='lat' dir='ltr'><strong>nancisei</strong></span> <span class='ocrx_word' id='word_1_271' title='bbox 874 2567 1223 2625; x_wconf 85' lang='lat' dir='ltr'><strong>explicationem,</strong></span> <span class='ocrx_word' id='word_1_272' title='bbox 1255 2583 1296 2625; x_wconf 89' lang='lat' dir='ltr'><strong>p.</strong></span> <span class='ocrx_word' id='word_1_273' title='bbox 1317 2569 1396 2610; x_wconf 80' lang='lat'><strong>124</strong></span> <span class='ocrx_word' id='word_1_274' title='bbox 1439 2569 1731 2614; x_wconf 81' lang='lat' dir='ltr'><strong>ostendemus.</strong></span> 
     </span>
     <span class='ocr_line' id='line_1_34' title="bbox 278 2636 1729 2698; baseline 0.004 -20"><span class='ocrx_word' id='word_1_275' title='bbox 278 2636 431 2693; x_wconf 87' lang='lat' dir='ltr'><strong>Itaque</strong></span> <span class='ocrx_word' id='word_1_276' title='bbox 460 2636 713 2679; x_wconf 86' lang='lat' dir='ltr'><strong>Hoffmanni</strong></span> <span class='ocrx_word' id='word_1_277' title='bbox 747 2638 964 2681; x_wconf 88' lang='lat' dir='ltr'><strong>sententia</strong></span> <span class='ocrx_word' id='word_1_278' title='bbox 993 2645 1159 2682; x_wconf 85' lang='lat' dir='ltr'><strong>tantum</strong></span> <span class='ocrx_word' id='word_1_279' title='bbox 1190 2646 1393 2695; x_wconf 87' lang='lat' dir='ltr'><strong>quat-tuor</strong></span> <span class='ocrx_word' id='word_1_280' title='bbox 1418 2642 1630 2698; x_wconf 86' lang='lat' dir='ltr'><strong>exemplis</strong></span> <span class='ocrx_word' id='word_1_281' title='bbox 1661 2642 1729 2684; x_wconf 88' lang='lat' dir='ltr'><strong>fir-</strong></span> 
     </span>
     <span class='ocr_line' id='line_1_35' title="bbox 278 2709 1733 2769; baseline 0.004 -18"><span class='ocrx_word' id='word_1_282' title='bbox 278 2715 441 2760; x_wconf 86' lang='lat' dir='ltr'><strong>matur;</strong></span> <span class='ocrx_word' id='word_1_283' title='bbox 488 2724 585 2752; x_wconf 89' lang='lat' dir='ltr'><strong>nam</strong></span> <span class='ocrx_word' id='word_1_284' title='bbox 613 2709 765 2753; x_wconf 87' lang='lat' dir='ltr'><strong>K281.</strong></span> <span class='ocrx_word' id='word_1_285' title='bbox 800 2709 844 2758; x_wconf 83' lang='grc' dir='ltr'><em>Ξ</em></span> <span class='ocrx_word' id='word_1_286' title='bbox 855 2711 947 2754; x_wconf 86' lang='grc'><strong>139.</strong></span> <span class='ocrx_word' id='word_1_287' title='bbox 981 2711 1125 2755; x_wconf 83' lang='lat' dir='ltr'><strong>T396.</strong></span> <span class='ocrx_word' id='word_1_288' title='bbox 1157 2712 1280 2755; x_wconf 56' lang='lat'><strong>3174.</strong></span> <span class='ocrx_word' id='word_1_289' title='bbox 1329 2712 1558 2769; x_wconf 83' lang='lat' dir='ltr'><strong>productio</strong></span> <span class='ocrx_word' id='word_1_290' title='bbox 1588 2713 1733 2757; x_wconf 87' lang='lat' dir='ltr'><strong>brevis</strong></span> 
     </span>
    </p>
   </div>
   <div class='ocr_carea' id='block_1_5' title="bbox 0 3267 1984 3332">
    <p class='ocr_par' dir='ltr' id='par_1_5' title="bbox 0 3267 1984 3332">
     <span class='ocr_line' id='line_1_36' title="bbox 0 3267 1984 3332; baseline 0 0"><span class='ocrx_word' id='word_1_291' title='bbox 0 3267 1984 3332; x_wconf 95' lang='lat' dir='ltr'><strong> </strong></span> 
     </span>
    </p>
   </div>
  </div>
 </body>
</html>
