1984 3332
959 170 1013 212 89

243 292 446 350 efficitur,
480 294 595 350 quod
626 291 809 336 eandem
839 291 1019 350 stirpem
1040 292 1331 351 amplectitur,
1348 307 1474 348 quam
1489 292 1697 336 habemus

242 366 289 410 in
318 361 436 411 εἶδον
475 366 583 422 (rad.
614 364 718 419 vid.)
751 362 952 407 cf..Curt.
983 380 1023 423 p.
1039 364 1134 408 217.
1163 364 1357 408 Leskien
1387 379 1429 422 p.
1446 365 1512 408 14.
1543 365 1698 422 Itaque

240 431 474 482 Bekkerus'
499 439 682 480 formam
711 431 991 490 nvdo'emopam
1016 436 1062 479 in
1110 443 1274 480 textum
1316 438 1494 495 recepit.
1567 437 1695 491 Quod

238 509 392 552 attinet
419 509 472 551 ad
503 521 631 549 voces
659 503 817 561 Ἑλένη,
845 500 1150 562 ἆνόρόκμητος,
1175 505 1321 563 αἳρέω,
1350 506 1401 562 ἕξ
1428 515 1472 551 et
1493 508 1698 564 Ηρακλῆς

238 581 340 623 satis
372 586 449 633 est,
480 578 655 625 lectoris
682 578 871 619 animum
900 577 1127 621 advertere
1159 579 1213 621 ad
1243 594 1283 636 p.
1300 579 1356 621 24
1404 595 1444 637 p.
1459 579 1526 621 48.
1567 595 1610 637 p.
1626 579 1694 622 35.

239 665 283 707 p.
299 651 367 694 23.
396 666 438 709 p.
453 650 521 693 59.
553 650 618 713 οἲ..
639 665 679 706 p.
698 648 767 690 60.

369 722 461 764 Iam
491 727 625 764 restat
655 718 820 775 ἕταρος,
865 720 919 762 de
963 735 1046 776 qua
1085 734 1194 762 voce
1232 720 1315 762 hoc
1357 721 1450 762 loco
1491 727 1692 763 accurate

238 807 417 849 agamus
443 807 619 835 necesse
651 785 727 835 est.
759 788 1096 847 &apogsssvdqrh
1125 788 1414 847 ἑταρίσσαιτο,
1441 789 1695 847 ἑταίρισσαι,

239 880 343 923 quas
377 865 548 907 formas⁴
569 864 612 907 in
636 862 777 908 Iliade
810 863 917 907 locis
956 869 1131 906 centum
1169 863 1406 919 nonaginta
1451 869 1549 906 octo
1589 863 1695 919 legi,

237 950 262 977 a
289 936 414 977 litera
442 935 624 992 spiranti
652 935 918 977 inchoavisse
949 941 992 977 et
1022 935 1270 991 linguarum
1300 935 1621 992 comparatione
1653 941 1697 977 et

239 1007 504 1064 argumentis
533 1022 589 1050 ex
613 1006 717 1064 ipsis
739 1006 998 1050 carminibus
1019 1006 1261 1050 Homericis
1279 1006 1477 1063 repetitis
1495 1006 1693 1050 efficitur.

206 1078 441 1122 ‘Carmina
470 1079 700 1121 Homerica
748 1079 783 1120 si
823 1079 1086 1135 inspicimus,
1131 1079 1175 1120 id
1214 1079 1339 1121 nobis
1367 1079 1578 1122 maximae
1619 1085 1685 1120 est

236 1149 480 1204 offensioni,
513 1149 627 1206 quod
658 1149 1004 1193 coniunctionem
1034 1149 1105 1193 καὶ
1122 1149 1231 1194 arsis
1252 1150 1396 1193 locum
1423 1149 1691 1193 obtinentem

237 1226 337 1263 ante
366 1218 534 1277 ἑτάροις
559 1221 813 1279 productam
843 1221 1086 1263 invenimus
1116 1222 1161 1263 in
1191 1222 1388 1275 formula,
1420 1236 1528 1276 quae
1560 1228 1651 1263 est:

317 1292 342 1334 λ
369 1294 460 1336 113.
488 1292 560 1349 νηΐ
584 1290 630 1335 τε
657 1284 735 1335 καὶ·
763 1289 955 1348 ἑτάροις·
982 1287 1118 1344 αὐτὸς
1144 1293 1179 1336 δ’
1213 1289 1340 1348 εἴπερ
1372 1309 1445 1336 κεν
1475 1287 1637 1351 α’λύξῃς

319 1363 457 1418 μ14Ο.
488 1362 560 1420 νηΐ
583 1378 630 1406 τε
660 1354 737 1406 na}
768 1360 958 1419 ἑτάροις·
988 1359 1123 1415 αι’τὸς
1152 1364 1189 1406 δ’
1221 1361 1347 1420 εἴπερ
1379 1379 1451 1407 κεν
1476 1358 1639 1421 ἀλύξῃς

238 1436 294 1478 cf.
324 1436 350 1477 λ
366 1436 457 1478 161.
491 1435 563 1490 νηΐ
587 1451 634 1477 τε
661 1427 738 1477 καὶ
767 1432 969 1489 ἑτάροισι,
988 1433 1128 1478 πολὺν
1142 1433 1317 1491 χρόνον;
1338 1432 1439 1479 οὐδέ
1455 1453 1527 1478 πω
1544 1427 1692 1492 ἦλθες.

365 1505 655 1549 Hoffmannus
682 1505 705 1548 I
733 1521 777 1564 p.
792 1506 845 1548 74
889 1512 936 1549 ut
961 1506 1184 1549 metricam
1214 1505 1515 1549 difficultatem
1545 1520 1691 1549 remo-

235 1584 350 1628 veat,
380 1579 405 1619 λ
424 1579 502 1619 113
514 1585 557 1620 et
575 1595 607 1632 μ
625 1579 704 1620 140
734 1579 885 1634 legere
915 1580 1026 1622 vult:
1055 1578 1127 1634 νηΐ
1151 1579 1198 1621 θ’
1222 1576 1455 1634 ἑταίροίσιν
1482 1579 1518 1621 τ’
1549 1573 1692 1630 αὖτός.

238 1648 328 1694 Sed
355 1649 437 1692 hac
465 1650 654 1692 lectione
684 1664 772 1692 non
806 1665 914 1708 opus
948 1656 1026 1704 est,
1055 1665 1152 1693 cum
1173 1650 1240 1692 his
1261 1650 1456 1692 versibus
1477 1650 1692 1706 antiquio·

233 1733 324 1761 rem
354 1719 586 1761 formulam
618 1720 830 1762 contineri
859 1720 963 1762 mihi
993 1735 1247 1776 persuasum
1290 1721 1358 1775 sit,
1403 1735 1454 1763 eo
1496 1727 1692 1777 tempore

233 1797 386 1845 ortam,
428 1791 503 1833 ubi
531 1790 657 1833 litera
687 1791 855 1849 spirans
886 1792 930 1835 in
958 1791 1081 1835 initio
1111 1791 1238 1834 huius
1270 1792 1387 1835 vocis
1433 1798 1564 1834 totam
1604 1792 1691 1833 vim

232 1876 352 1904 suam
380 1868 642 1906 servaverat.
700 1862 826 1905 Idem
854 1877 948 1906 esse
986 1869 1124 1907 statuo
1161 1864 1224 1907 eis
1266 1864 1389 1919 locis,
1433 1864 1508 1906 ubi
1547 1863 1691 1906 brevis

236 1933 418 1988 syllaba,
464 1933 508 1975 in
544 1934 711 1977 literam
741 1949 975 1978 consonam
1007 1936 1224 1990 desinens,
1269 1942 1366 1978 ante
1407 1934 1561 1990 ἕταρος
1591 1951 1689 1993 pro-

234 2003 423 2047 ducitur:

363 2078 405 2131 a)
435 2076 479 2118 in
509 2091 686 2120 caesura
716 2079 1035 2122 semiternaria:

492 2149 648 2191 11269.
683 2147 979 2206 Μυρμιδόνές,
1005 2149 1153 2207 ἕταροι

502 2221 648 2263 Ψ137-
679 2216 936 2277 ἄχνύμενός·
968 2222 1133 2278 ἕταρον.

367 2291 411 2347 b)
440 2292 486 2334 in
515 2306 692 2336 caesura
716 2294 1040 2351 semiquinaria:

502 2365 650 2408 T345.
679 2355 806 2421 ἧσται
835 2361 1098 2422 ὅδυρόμενῦς
1127 2366 1280 2424 ἕταρον
1307 2368 1436 2426 φίλον

231 2434 246 2475 i
275 2434 408 2476 dativi
437 2442 536 2477 ante
564 2433 802 2491 ἑταιρίσσαι
833 2438 1006 2493 legitur,
1035 2439 1094 2481 ita
1122 2447 1169 2481 ut
1197 2441 1360 2483 oriatur
1380 2441 1520 2484 hiatus
1539 2441 1685 2483 [2335.

388 2501 510 2563 άνδρὶ
536 2504 787 2565 ἑταιρίσσαι,
816 2509 888 2553 καί
917 2512 953 2552 τ’
985 2508 1133 2563 ἔκλυες
1162 2502 1198 2569 ᾧ
1226 2513 1262 2555 κ’
1285 2512 1520 2571 εθίλῃσθα.

237 2578 419 2635 Longae
443 2580 614 2621 vocales
645 2587 687 2621 et
721 2581 980 2639 diphthongi
1009 2583 1054 2623 in
1083 2585 1166 2625 arsi
1207 2585 1409 2626 undecim
1451 2586 1559 2628 locis
1590 2601 1687 2642 pro·

233 2650 448 2694 ducuntur
487 2658 587 2694 ante
629 2650 782 2708 ἕταρος
822 2656 875 2697 cf.
905 2658 951 2697 K
974 2654 1067 2699 235.
1098 2656 1180 2698 242
1225 2657 1315 2712 (ubi
1347 2657 1600 2715 particulam
1631 2654 1685 2713 δὴ

232 2729 331 2765 ante
362 2721 516 2779 ἕταρος
541 2725 796 2781 productam
828 2726 976 2782 legis);
1018 2730 1055 2770 E
1072 2728 1167 2769 534.
1201 2728 1333 2771 0519
1367 2729 1458 2784 (ubi
1489 2745 1524 2770 ω
1554 2744 1688 2787 gene-
