1984 3332
969 166 1023 207 70

255 287 453 342 syllabae
481 286 526 327 in
552 285 723 329 literam
751 302 987 331 consonam
1017 288 1252 331 desinentis
1282 288 1429 331 literis
1457 289 1725 345 spirantibus

259 358 459 402 excusari
487 372 575 401 non
605 363 761 417 potest.
822 358 860 403 Ε
888 365 975 403 tam
1008 366 1150 404 autem
1184 359 1351 416 exiguo
1395 356 1577 404 numero
1606 360 1723 405 loco-

261 446 357 474 rum
386 430 496 473 nihil
526 430 580 473 de
604 446 761 487 magna
776 433 980 475 firmitate
1004 446 1208 476 caesurae
1233 432 1606 476 seminovenariae
1624 447 1723 476 con-

259 503 379 546 cludi
410 517 538 562 posse
568 501 751 561 quisque
782 504 1016 562 intelliget.
1083 506 1205 550 Haec
1235 506 1437 564 exempla
1474 505 1576 549 satis
1608 511 1727 549 certe

258 576 574 631 demonstrant,
603 591 698 618 cum
727 577 794 619 vis
825 578 1085 634 spirantium
1116 578 1354 632 literarum,
1397 578 1534 633 qualis
1561 582 1655 620 erat
1681 577 1727 620 in

258 647 383 691 initio
413 663 581 701 vocum,
623 647 708 690 iam
743 663 766 691 e
805 649 985 704 linguae
1024 651 1232 693 memoria
1261 650 1522 704 evanuisset,
1564 655 1726 707 poetas,

259 718 414 762 falsam
445 718 690 776 analogiam
725 726 913 775 secutos,
941 720 1022 764 sibi
1050 721 1183 764 licere
1214 721 1445 778 putavisse,
1478 720 1726 778 ubicunque

259 791 439 845 vellent,
474 791 655 833 brevem
686 792 904 847 syllabam
934 792 980 834 in
1013 799 1323 836 consonantem
1361 798 1591 836 exeuntem
1628 805 1726 849 pro-

260 863 434 906 ductam
462 877 650 917 servare,
682 878 780 906 cum
806 877 894 906 non
924 864 1250 920 intellegerent,
1268 864 1382 908 hanc
1398 863 1724 923 productionem

262 934 501 991 antiquitus
529 941 630 978 ante
665 950 738 979 eas
758 949 889 979 voces
921 936 1178 994 permissam
1211 936 1359 993 fuisse,
1389 936 1461 980 ubi
1490 936 1618 979 litera
1645 935 1725 980 ini·

259 1007 376 1050 tialis
405 1013 481 1049 aut
508 1024 537 1050 „e
566 1013 639 1050 aut
663 1009 681 1063 j
709 1014 782 1050 aut
813 1023 833 1050 s
859 1008 1014 1051 fuerat.
1052 1007 1101 1053 Si
1131 1008 1158 1051 δ
1176 1008 1259 1051 643
1292 1008 1338 1049 in
1368 1009 1452 1050 arsi
1486 1008 1636 1064 quinta
1663 1008 1724 1051 le-

259 1080 427 1136 gimus:
471 1070 501 1135 ἧ
529 1079 597 1122 εὀῖ
624 1074 750 1137 αὐτῷ
798 1080 869 1133 ita,
910 1086 958 1121 ut
988 1071 1015 1136 ἦ
1045 1080 1375 1137 productionem
1417 1080 1725 1134 servet,‘haec

260 1151 441 1194 metrica
470 1150 701 1194 difficultas
733 1165 825 1193 non
856 1165 909 1194 eo
942 1157 1187 1205 excusatur,
1218 1151 1332 1209 quod
1360 1151 1473 1194 1112
1498 1150 1543 1194 in
1573 1150 1726 1194 cadem

263 1237 417 1266 versus
448 1222 552 1266 sede
579 1223 788 1278 legimus:
820 1214 848 1279 ἧ
878 1222 978 1277 ε’μοῖ
1009 1218 1127 1280 αὐτῷ
1157 1222 1442 1277 (cf.Leskien
1469 1238 1510 1280 p.
1525 1223 1616 1277 39);
1648 1223 1724 1266 sed

263 1295 389 1338 nobis
418 1295 693 1338 statuendum
723 1301 801 1348 est,
833 1301 999 1353 poetas,
1029 1310 1124 1337 cum
1156 1310 1245 1338 non
1271 1294 1457 1352 amplius
1486 1294 1725 1350 novissent,

264 1367 463 1426 spiritum
495 1381 697 1424 asperum
729 1367 774 1409 in
804 1367 1066 1426 pronomine
1085 1365 1153 1411 ἑοῖ
1182 1367 1300 1410 vices
1316 1366 1522 1423 spirantis
1537 1366 1688 1410 literae
1705 1383 1724 1410 s

263 1440 468 1496 gessisse,
510 1440 696 1495 ideoque
736 1439 1067 1496 productionem
1112 1440 1233 1482 vocis
1261 1430 1288 1496 ἦ
1316 1438 1572 1497 permissam
1614 1454 1724 1493 esse,

264 1526 353 1554 non
394 1510 673 1566 dubitavisse,
712 1512 823 1554 hanc
863 1525 1019 1554 vocem
1059 1511 1187 1554 etiam
1227 1525 1278 1554 eo
1324 1510 1422 1553 loco
1467 1510 1723 1567 productam

264 1583 495 1640 praebere,
540 1583 614 1625 ubi
646 1596 669 1624 e
701 1583 829 1625 litera
856 1582 1009 1625 initiali
1038 1583 1239 1625 vocabuli
1271 1581 1575 1637 subsequentis
1616 1581 1721 1623 nihil

263 1653 398 1697 auxili
431 1653 578 1697 afferri
610 1646 796 1711 poterat.
861 1653 1013 1710 Itaque
1043 1653 1212 1695 literam
1242 1652 1498 1710 spirantem,
1540 1666 1649 1710 quae
1681 1651 1727 1694 in

264 1721 367 1776 &565-
402 1725 485 1767 fuit
514 1741 548 1779 s,
579 1725 706 1767 etiam
735 1725 849 1781 apud
874 1724 1113 1767 Homerum
1146 1730 1265 1767 certa
1279 1723 1507 1779 reliquisse
1525 1723 1725 1779 vestigia,

264 1797 347 1840 hac
379 1796 675 1854 disputatione
707 1796 1029 1838 demonstrasse
1058 1795 1163 1837 mihi
1193 1794 1360 1837 videor.

398 1867 475 1909 Eis
506 1866 702 1919 vocibus,
733 1881 837 1923 quas
868 1882 893 1908 a
925 1866 1053 1908 litera
1080 1866 1259 1921 spiranti
1289 1880 1309 1907 s
1340 1865 1607 1907 inchoavisse
1637 1880 1727 1908 car-

266 1935 454 1978 minibus
499 1935 749 1978 Homericis
791 1934 893 1977 satis
937 1940 1057 1977 certo
1098 1933 1311 1987 efficitur,
1354 1932 1725 1976 adnumerandum

266 2013 333 2050 est
358 2021 598 2063 pronomen
633 2007 1018 2048 demonstrativum
1049 2003 1088 2054 ὁ,
1120 2003 1161 2061 ἡ.
1233 2006 1321 2047 Hic
1365 2006 1563 2063 spiritum
1603 2020 1723 2062 aspe-

266 2092 363 2121 rum
392 2092 452 2121 es
470 2083 610 2120 ortum
642 2090 736 2120 esse
768 2082 811 2119 ct
841 2090 1084 2135 pronomen
1113 2075 1413 2119 sanskriticum
1446 2091 1533 2131 „sa,
1562 2075 1652 2130 saf‘
1683 2082 1725 2118 et

265 2150 428 2192 formae
455 2148 653 2192 Graecae
669 2145 860 2205 σήμερον
886 2150 1013 2204 σῆτες
1042 2148 1134 2202 (att.
1164 2143 1364 2204 τήμερον,
1382 2148 1543 2203 τῆτες),
1573 2146 1725 2203 quibus

266 2223 403 2267 nostri
433 2223 703 2281 pronominis
731 2221 862 2280 stirps
892 2222 1154 2275 continetur,
1184 2221 1418 2264 ostendunt
1446 2221 1500 2264 cf.
1532 2220 1653 2265 Curt.
1683 2237 1724 2279 p.

264 2295 359 2338 353.
421 2296 657 2337 Praeterea
700 2295 824 2337 nobis
861 2309 949 2337 non
991 2292 1297 2349 neglegendae
1336 2299 1436 2335 sunt
1462 2293 1725 2349 antiquiores

265 2365 532 2409 Nominativi
563 2365 747 2423 pluralis
778 2365 943 2407 formae
973 2364 1075 2420 (τοί,
1103 2364 1174 2407 ταί
1202 2363 1273 2416 (ef.
1296 2364 1476 2417 skr.te),
1506 2378 1614 2421 quac
1640 2379 1725 2407 una

266 2452 363 2480 cum
395 2433 438 2480 οὶ
469 2443 512 2480 et
540 2433 584 2479 αἶ
614 2437 660 2479 in
693 2437 940 2480 Homericis
971 2435 1234 2480 carminibus
1269 2435 1559 2479 inveniuntur.
1636 2436 1725 2479 Ar-

267 2513 479 2565 gumenta
506 2521 561 2550 ex
578 2507 774 2550 Homero
805 2507 991 2565 repetita
1020 2506 1053 2549 si
1082 2506 1348 2565 inspicimus,
1375 2505 1459 2549 hoc
1486 2521 1725 2565 pronomen

268 2589 454 2640 quatuor
482 2582 589 2625 locis
618 2582 735 2624 favet
765 2582 913 2636 hiatui,
962 2582 1033 2637 qui
1072 2586 1193 2623 extat
1234 2581 1278 2622 in
1308 2595 1482 2624 caesura
1511 2581 1725 2625 trochaica

265 2654 391 2713 pedis
422 2653 541 2697 tertii
570 2654 646 2697 cf.:
