1984 3332
1005 122 1088 164 130

310 241 568 298 praesertim
600 256 698 283 cum
730 241 801 283 hic
845 242 964 284 solus
1010 243 1063 285 sit
1108 242 1245 296 locus,
1283 241 1357 283 ubi
1396 237 1528 282 ἱκάνω
1566 240 1611 281 in
1650 240 1766 282 hiatu

310 314 501 371 positum
532 320 663 356 extat.

441 384 554 427 Tum
582 386 668 427 huc
702 386 871 429 refero:

712 457 830 498 Y20.
860 451 1129 513 Ἐννοσίγαιε,
1159 453 1274 514 ἐμήν.

440 527 566 571 Idem
595 544 616 570 ε
647 528 692 569 in
724 528 844 571 hiatu
876 528 1028 572 illicito
1058 529 1298 572 invenitur:
1328 528 1404 583 (cf.
1435 527 1595 572 Hoffm.
1617 528 1653 583 Ι,
1675 527 1767 583 92).

702 601 796 642 B8.
826 597 952 654 βάσκ’
984 597 1068 655 ἴθι,
1102 593 1200 643 οὖλε
1228 595 1394 657 Ὁνειρε.

440 671 638 715 Eandem
657 673 1005 716 terminationem
1025 674 1207 716 vocativi
1230 675 1482 731 productam
1501 674 1765 718 invenimus:

572 747 615 787 A
642 745 734 787 155.
766 744 866 802 φίλε
896 745 1133 802 κασίγνητέ,
1166 742 1359 789 θάνατον

634 816 729 858 338.
762 808 799 858 ὦ
827 813 892 858 υἱὲ
921 819 1102 859 Πετεῶο

572 890 610 929 Ε
637 888 733 930 359.
764 887 864 945 φίλε
892 888 1133 944 κασίγνητὲ,
1162 885 1341 942 κόμισαι

569 962 621 999 Π
632 959 728 1000 400.
760 955 913 1004 Ξάνθε
942 974 989 1000 τε
1015 959 1085 1000 καὶ
1115 959 1266 1012 Βαλίέ,
1294 956 1527 1013 τηλεκλυτὰ

575 1028 727 1073 Φ474.
757 1026 960 1085 νηπύτιέ,
990 1029 1034 1072 τί
1062 1046 1109 1072 νυ
1140 1026 1268 1084 τόξον

306 1115 413 1157 quas
441 1101 770 1157 productiones,
817 1118 914 1144 cum
946 1117 969 1144 e
1001 1104 1192 1156 vocibus,
1233 1115 1340 1157 quae
1372 1102 1617 1144 vocativum
1646 1101 1763 1144 exci-

303 1172 443 1229 piunt,
472 1172 592 1214 nulla
622 1172 844 1215 excusatio
872 1173 1013 1231 repeti
1041 1173 1193 1231 possit,
1225 1173 1516 1216 Hoffmannus
1545 1172 1595 1216 II
1622 1187 1664 1229 p.
1683 1172 1762 1214 186

304 1244 349 1284 in
381 1258 612 1285 numerum
642 1243 863 1285 duriorum
892 1244 1066 1300 redigit.

435 1316 557 1357 Ante
588 1314 719 1370 μέγας
747 1315 866 1357 idem
901 1331 922 1357 ε
952 1316 1234 1371 producitur:

413 1389 465 1429 H
479 1386 547 1429 20.
575 1377 612 1429 ὦ
643 1387 812 1440 Λχιλεῢ
843 1386 1015 1443 Πηλέος
1044 1380 1110 1430 υἱέ
1140 1386 1248 1444 μέγα
1276 1385 1451 1444 φέρτατ’
1481 1380 1690 1440 Ἀχαιῶν.

433 1458 504 1501 Ex
536 1459 840 1515 exemplorum
871 1474 1068 1514 numero,
1099 1474 1208 1514 quae
1240 1458 1369 1501 modo
1402 1459 1539 1513 attuli,
1565 1458 1760 1500 vocalem

301 1546 322 1574 ε
353 1537 509 1574 natura
536 1531 772 1575 firmiorem
801 1531 934 1575 fuisse
954 1532 1213 1587 colligamus
1235 1545 1414 1575 necesse
1430 1537 1508 1573 est.
1536 1530 1599 1575 Ut
1614 1535 1759 1573 autem

299 1603 411 1645 hanc
440 1603 693 1644 firmitatem
724 1609 845 1644 recte
881 1604 1165 1659 explicemus,
1198 1602 1501 1658 confugiamus
1533 1601 1586 1643 ad
1616 1615 1758 1655 gram-

301 1675 500 1717 maticam
533 1675 846 1717 sanskriticam.
877 1675 1044 1728 Panini,
1075 1676 1176 1718 artis
1207 1675 1514 1731 grammaticae
1540 1674 1758 1732 princeps,

300 1746 426 1788 nobis
459 1746 675 1803 praecipit
705 1746 755 1798 (I,
775 1747 814 1788 2.
835 1746 923 1801 27),
954 1761 1104 1789 omnes
1134 1747 1308 1789 vocales
1343 1760 1437 1790 esse
1477 1752 1551 1789 aut
1586 1746 1754 1796 breves,

299 1824 373 1859 aut
401 1818 572 1873 longas,
617 1824 690 1860 aut
717 1818 921 1876 „pluta;“
960 1819 1139 1875 „pluta“
1168 1825 1311 1861 autem
1351 1818 1514 1862 vocalis
1553 1823 1596 1860 et
1625 1817 1757 1873 longa

301 1895 344 1933 et
372 1890 517 1932 brevis
548 1889 808 1945 nominatur,
853 1891 888 1933 si
919 1891 1012 1933 eius
1041 1892 1334 1948 pronuntiatio
1363 1892 1422 1933 ita
1461 1890 1665 1943 efficitur,
1709 1895 1756 1931 ut

299 1962 396 2004 loco
426 1963 555 2005 unius
585 1969 657 2005 aut
690 1963 871 2006 duarum
902 1970 993 2006 tres
1027 1979 1171 2006 moras
1202 1964 1500 2022 amplectatur.
1530 1962 1630 2004 Hoc
1659 1975 1756 2018 pro-

301 2033 512 2076 ductionis
542 2049 724 2091 genere,
752 2036 867 2091 quod
896 2037 941 2078 in
971 2036 1120 2091 lingua
1138 2035 1294 2078 Indica
1308 2035 1477 2093 „pluti“
1494 2033 1755 2086 nominatur,

299 2106 374 2159 (cf.
404 2106 676 2163 Boehtlingk
706 2124 743 2149 z.
761 2107 915 2150 Panini
938 2109 987 2151 II
1016 2122 1059 2163 p.
1075 2107 1192 2162 503),
1225 2106 1473 2164 saepissime
1496 2107 1661 2148 formae
1678 2120 1753 2148 vo·

299 2177 427 2219 cativi
473 2184 668 2232 utuntur,
711 2180 971 2235 praesertim
1017 2194 1112 2221 cum
1160 2178 1372 2235 quispiam
1416 2177 1569 2221 eodem
1598 2176 1754 2220 Panini

303 2246 414 2288 duce
447 2247 523 2301 (cf.
541 2247 676 2301 VIII,
692 2248 729 2290 2.
748 2249 819 2301 84)
846 2249 999 2304 procul
1029 2248 1293 2306 appelletur3
1325 2248 1379 2289 cf.
1409 2246 1669 2301 „devadatta
1698 2245 1754 2288 3“

299 2319 401 2375 (hoc
433 2319 607 2375 signum
637 2319 776 2362 vocali
806 2324 890 2374 ‚,a“
928 2327 1017 2364 tres
1057 2334 1202 2363 moras
1247 2320 1389 2363 inesse
1430 2317 1634 2373 ostendit)
1672 2333 1751 2375 pro

298 2391 598 2444 „devadattaf‘
640 2392 900 2433 Vocativum
932 2399 1075 2434 autem
1104 2392 1230 2434 huius
1264 2391 1558 2449 productionis
1588 2391 1750 2446 patien-

296 2461 507 2504 tissimum
535 2476 642 2516 esse,
673 2477 761 2505 non
784 2470 863 2515 est,
895 2463 1011 2520 quod
1041 2465 1259 2507 miremur.
1289 2463 1454 2506 Natura
1482 2462 1597 2505 enim
1625 2461 1750 2504 huius

297 2549 421 2576 casus
449 2548 500 2576 eo
531 2535 793 2589 continetur,
825 2536 941 2591 quod
968 2536 1043 2578 ille
1061 2549 1218 2578 nomen
1235 2534 1546 2578 interiectionis
1566 2535 1749 2577 formam

296 2605 549 2663 amplexum
578 2609 774 2665 praebet.
816 2608 971 2665 Itaque
1003 2623 1099 2650 cum
1130 2607 1175 2650 in
1208 2607 1358 2664 lingua
1388 2606 1645 2651 sanskritica
1674 2620 1748 2649 vo-

296 2679 483 2721 cativum
514 2679 558 2721 in
586 2680 614 2721 ἃ
645 2680 916 2723 desinentem
948 2681 1027 2723 hac
1061 2680 1227 2723 ratione
1264 2680 1521 2737 productum
1561 2679 1749 2723 invenia-
