1984 3332
940 152 993 195 15

259 271 408 316 dubito
447 274 550 329 quin
584 273 733 317 eadem
768 272 889 316 notio
919 272 1091 316 urbium
1132 271 1377 315 nominibus
1404 267 1627 327 Δάρδανος
1669 277 1712 314 et

259 344 477 400 Δαρδανία
504 346 620 401 insit,
647 346 904 403 praesertim
934 361 1031 389 cum
1050 339 1185 396 Ἴλιος
1211 344 1495 400 θῒΠέργαμος
1523 343 1710 386 eundem

261 430 434 461 sensum
465 418 792 476 amplectantur.
861 417 951 461 Sed
978 423 1250 460 revertamur
1279 416 1335 459 ad
1363 430 1517 459 vocem
1558 414 1710 467 ft'hog.

257 489 320 534 Ut
354 490 449 533 vssu
478 492 525 533 in
552 490 716 534 vedicis
748 491 922 546 hymnis
949 506 1094 534 arcem
1123 491 1372 542 coelestem,
1410 489 1596 532 nubibus
1629 487 1710 531 cir-

259 547 513 621 cumdatam,
546 567 766 621 describit,
795 567 855 609 ita
885 567 1013 609 etiam
1042 567 1156 625 apud
1174 567 1371 611 Graecos
1400 564 1710 621 antiquissimis

258 640 525 698 temporibus
554 640 652 682 urbi
695 639 834 689 sizcog
863 640 1061 681 intimum
1092 653 1307 681 conexum
1351 654 1446 681 cum
1485 637 1606 680 coelo
1643 636 1708 678 in-

257 710 509 754 tercessisse
538 717 587 753 ut
614 716 863 766 statuamus,
892 724 972 752 nos
1004 716 1151 751 monet
1178 710 1253 752 ille
1283 710 1474 766 mythus,
1514 708 1586 764 qui
1620 708 1708 750 He—

257 783 419 825 raclem
451 783 641 839 primum
673 795 920 825 eversorem
949 781 1076 823 huius
1104 781 1224 824 urbis
1254 781 1461 823 describit
1489 781 1563 835 (cf.
1590 780 1712 822 Prel-

263 854 331 896 ler
343 853 402 908 ΙΙ,
417 853 531 909 234).
563 853 625 898 Ut
652 853 768 896 enim
799 844 1037 908 Hesionen,
1067 853 1199 896 filiam
1225 851 1549 906 Laomedontis,
1579 851 1709 894 foedo

257 925 437 968 interitu
464 925 637 979 liberet,
669 939 797 980 quem
830 925 870 967 ei
899 925 1158 968 moliebatur
1202 931 1443 967 monstrum
1483 924 1709 975 marinum,

260 996 376 1052 quod
391 995 612 1040 Poseidon
643 996 830 1050 miserat,
862 1010 961 1038 cum
984 995 1120 1038 muris
1135 995 1221 1050 Ilii,
1238 995 1447 1053 Apolline
1464 994 1710 1048 adiuvante,

257 1067 501 1122 exstructis,
539 1067 785 1110 mercedem
825 1083 850 1108 a
876 1067 1177 1110 Laomedonte
1215 1067 1480 1124 propositam
1522 1081 1609 1108 non
1637 1082 1707 1108 ac-

259 1138 461 1196 cepisset,
506 1138 715 1181 Heracles
744 1138 857 1195 patri
882 1131 1108 1195 promittit,
1150 1153 1196 1181 se
1224 1138 1355 1181 filiam
1388 1152 1482 1181 esse
1513 1144 1706 1181 servatu-

256 1224 365 1263 rum,
393 1210 428 1251 si
462 1224 535 1251 eos
568 1224 716 1265 equos,
737 1224 845 1264 quos
873 1210 949 1251 ille
979 1226 1004 1251 a
1022 1210 1128 1251 Iove
1157 1210 1391 1265 acceperit,
1420 1208 1705 1265 adipiscatur3

257 1281 333 1323 sed
364 1295 459 1323 cum
489 1281 755 1335 Laomedon,
797 1280 873 1323 illo
916 1286 1109 1324 monstro
1154 1280 1399 1335 interfecto,
1440 1280 1572 1323 fidem
1617 1295 1706 1323 non

255 1358 412 1406 servet,
442 1352 667 1409 Heracles,
713 1359 760 1394 ut
788 1366 921 1407 equos
947 1352 1233 1404 nanciscatur,
1270 1352 1402 1394 Ilium
1431 1351 1549 1394 delet
1576 1359 1708 1408 atque

255 1437 405 1480 regem
437 1424 591 1467 caedit.
671 1424 908 1467 Heraclem
948 1424 994 1466 in
1021 1424 1104 1467 hoc
1134 1424 1286 1480 mytho
1316 1438 1409 1467 esse
1438 1424 1566 1467 deum
1596 1424 1707 1468 sola-

255 1507 363 1548 rem,
410 1495 483 1551 qui
526 1509 624 1536 cum
675 1495 908 1537 daemones
951 1496 1227 1537 tenebrarum
1270 1496 1425 1537 vicerit
1469 1509 1708 1552 eorumque

256 1580 402 1609 arcem
442 1566 670 1622 deleverit,
699 1567 839 1610 lucem
869 1583 1017 1611 rursus
1047 1567 1285 1624 recipit,—
1309 1567 1416 1609 nihil
1447 1567 1562 1611 enim
1589 1568 1709 1611 aliud

255 1637 405 1681 valent
424 1638 504 1681 illi
535 1638 635 1695 equi
667 1639 785 1683 Iovis
801 1639 1017 1695 l)—mihi
1044 1653 1296 1698 persuasum
1327 1639 1483 1695 habeo,
1512 1653 1708 1697 praeser-

254 1709 331 1750 tim
355 1725 451 1752 cum
480 1711 749 1765 etymologia
774 1711 959 1753 nominis
981 1710 1297 1763 „Laomedon,“
1328 1725 1457 1765 quam
1483 1710 1595 1752 infra
1611 1725 1709 1767 pro-

254 1794 425 1837 ponam,
454 1780 565 1824 hanc
592 1796 730 1824 meam
763 1781 1020 1824 sententiam
1046 1781 1217 1824 firmare
1252 1780 1461 1824 videatur.
1526 1781 1710 1824 Accedit

255 1851 372 1893 aliud
414 1859 744 1907 argumentum3
792 1853 925 1895 Ilium
958 1853 1074 1895 enim
1102 1854 1256 1894 urbem
1298 1853 1532 1894 coelestem
1573 1853 1707 1896 fuisse

255 1923 356 1966 satis
386 1930 506 1967 certe
534 1938 584 1967 ea
611 1938 659 1967 re
693 1923 895 1979 efficitur,
908 1924 1023 1980 quod
1050 1938 1194 1967 muros
1208 1924 1336 1967 huius
1356 1924 1475 1967 urbis
1496 1925 1549 1967 ab
1570 1924 1708 1983 Apol-

252 1996 341 2037 line
369 2002 499 2051 atque
529 1997 776 2039 Poseidone
806 2003 1081 2039 constructos
1109 2010 1203 2038 esse
1232 1997 1408 2051 mythus
1437 1996 1581 2050 docet3
1626 1996 1706 2038 hos

254 2073 398 2109 autem
430 2081 573 2110 muros
606 2068 791 2111 nubibus
820 2068 1049 2122 contineri,
1078 2067 1173 2123 quis
1203 2073 1269 2110 est
1297 2067 1367 2125 qui
1398 2067 1563 2123 neget?
1596 2066 1706 2111 Cum

254 2139 298 2181 in
325 2139 409 2182 hoc
440 2140 592 2196 mytho
621 2140 739 2183 urbis
765 2140 837 2182 llii
866 2139 1081 2193 coelestis,
1128 2145 1175 2181 ut
1220 2139 1280 2181 ita
1321 2139 1474 2193 dicam,
1525 2146 1706 2182 naturae

386 2264 419 2309 1)
442 2264 586 2299 Eodem
620 2265 730 2299 modo
765 2264 864 2309 apud
891 2263 1003 2298 Indos
1042 2264 1095 2297 sol
1134 2274 1249 2308 equus
1281 2262 1429 2305 dicitur,
1466 2263 1706 2306 quamobrem

250 2325 405 2371 legimus
428 2326 497 2372 Rg.
522 2326 632 2369 Vd.1,
651 2329 766 2370 163,2
794 2326 905 2362 sarad
929 2337 1058 2371 acvam
1090 2336 1224 2361 vasavo
1263 2324 1495 2380 niratashta:
1543 2325 1600 2367 „E
1627 2326 1705 2361 sole

251 2403 384 2438 equum
401 2404 479 2437 vos,
490 2393 622 2438 Vassis,
646 2394 865 2431 creabatis.“
890 2393 1090 2430 Praeterea
1113 2393 1233 2429 vedici
1258 2393 1381 2439 hymni
1407 2396 1444 2429 et
1468 2393 1576 2429 unius
1603 2393 1702 2439 equi,

252 2457 315 2503 qui
340 2457 408 2492 soli
431 2460 684 2503 comparatur,
708 2458 935 2493 mentionem
958 2458 1099 2494 faciunt
1125 2479 1170 2484 —
1185 2458 1263 2493 eius
1286 2469 1420 2494 nomen
1445 2460 1502 2493 est
1526 2458 1705 2503 „Etaca,“

251 2520 297 2556 de
323 2532 396 2566 quo
420 2520 562 2556 videas:
599 2520 710 2557 Kuhn
737 2521 1027 2567 „Herabholung
1051 2521 1114 2557 des
1141 2521 1304 2557 Feuers“
1329 2533 1364 2566 p.
1385 2522 1442 2556 55.
1465 2522 1510 2556 62
1535 2533 1571 2556 ss
1595 2542 1641 2549 —
1666 2524 1706 2557 et

250 2584 356 2626 duos,
372 2586 524 2629 septem,
539 2584 665 2619 decem
680 2595 793 2629 equos
816 2585 1045 2626 describunt,
1071 2585 1135 2629 qui
1158 2585 1245 2619 solis
1269 2578 1329 2620 vel
1347 2584 1482 2619 Indi-ae
1497 2587 1620 2620 rotam
1643 2596 1705 2620 ve-

249 2648 343 2684 hunt
364 2659 593 2694 quorumque
615 2658 751 2684 nomen
775 2651 834 2684 est
858 2648 1049 2692 ,‚haritas“
1084 2648 1146 2693 (cf.
1171 2648 1258 2684 Max
1282 2647 1433 2684 Miiller:
1471 2647 1614 2685 Oxford
1637 2648 1704 2684 Es-

250 2723 334 2756 says
357 2723 393 2756 p.
407 2712 468 2757 81)
489 2714 528 2747 et
555 2712 759 2756 ‚,harayas“
787 2711 833 2747 cf.
847 2712 997 2757 Rg.Vd.
1016 2714 1099 2755 8,1,
1114 2714 1170 2754 24,
1186 2714 1243 2749 25.
