1984 3332
969 204 1026 247 54

268 324 575 380 additamento,
620 327 749 383 quale
779 331 843 369 est
872 318 1062 381 ἄγχιστα,
1103 324 1208 380 ἐπι-,
1251 339 1340 368 non
1372 339 1479 382 opus
1521 330 1628 377 erat,
1671 323 1726 366 ad

267 398 609 454 metaphoricam
638 398 1004 455 significationem
1033 399 1135 442 huie
1159 398 1256 442 voci
1285 396 1598 440 vindicandam.
1638 396 1725 439 Hic

267 484 340 512 res
367 484 456 512 non
484 470 611 513 aliter
638 485 685 514 se
715 472 860 526 habet,
895 477 1027 528 atque
1054 472 1101 513 in
1130 472 1193 514 eis
1212 471 1372 522 verbis,
1418 483 1528 526 quae
1552 467 1607 510 ad
1636 482 1724 509 mo-

269 547 362 583 tum
391 542 525 584 animi
554 542 906 601 exprimendum,
930 544 1118 600 primum
1136 544 1314 587 vocibus
1328 538 1485 597 θνυμός,
1509 536 1623 598 φρήν
1642 546 1724 582 etc.

266 619 459 662 utuntur,
490 614 649 656 deinde
679 628 809 656 sensu
837 615 1132 672 metaphorico
1164 616 1266 657 satis
1296 614 1473 667 munito,
1505 612 1573 654 his
1602 611 1723 653 addi-

266 684 467 728 tamentis
497 691 659 727 carent.
687 684 865 728 Lectori
890 685 936 728 in
965 685 1218 728 memoriam
1246 699 1404 728 revoco
1430 684 1612 726 verbum
1628 697 1724 726 συν»

265 754 493 810 τίθεσθαι,
530 755 646 811 quod
677 771 776 799 cum
801 772 826 799 a
854 757 1029 800 notione
1056 771 1127 800 res
1158 755 1447 816 componendi
1482 754 1724 812 proficisca-

266 834 351 882 tur,
392 827 446 870 ad
484 828 676 870 animum
710 828 765 871 ad
791 828 982 885 aliquam
1022 843 1116 871 rem
1149 834 1357 872 attentum
1389 825 1722 871 describendum

266 898 454 957 primum
473 912 571 940 cum
596 912 706 941 voce
728 901 875 956 θυμῷ,
895 899 1176 956 coniungitur
1209 900 1262 942 cf.
1275 899 1392 943 H44.
1426 899 1537 952 027,
1567 896 1725 939 deinde

267 970 351 1012 hoc
380 984 510 1012 sensu
529 970 631 1012 satis
648 971 853 1024 stabilito,
868 971 1176 1025 additamento,
1201 971 1317 1026 quod
1335 976 1400 1013 est
1426 971 1573 1026 θυμῷ,
1592 974 1724 1022 caret,

270 1041 327 1083 cf.
352 1040 519 1084 Fuldat
550 1040 954 1098 Untersuchungen
984 1042 1055 1084 iib.
1081 1041 1120 1085 d.
1136 1041 1331 1100 Sprache
1355 1041 1434 1084 der
1458 1041 1619 1084 homer.
1638 1039 1725 1084 Ge-

266 1112 412 1154 dichte
433 1112 458 1153 I
483 1128 525 1169 p.
543 1113 608 1154 71.
643 1113 716 1155 Ab
751 1112 977 1168 aequitatis
1007 1113 1183 1154 notione
1217 1113 1413 1169 profecta
1445 1112 1571 1154 radix
1601 1110 1723 1153 verbi

269 1180 392 1226 ἔοικα
417 1183 623 1225 facillime
652 1198 704 1225 eo
734 1183 963 1240 pervenire
987 1188 1171 1239 poterat,
1188 1188 1235 1224 ut
1260 1182 1316 1224 ad
1331 1196 1416 1235 res,
1444 1196 1554 1237 quae
1582 1195 1723 1224 mores

267 1253 519 1311 respiciunt,
547 1252 853 1309 significandas
884 1252 1089 1307 adhibita,
1116 1253 1232 1296 idem
1262 1253 1442 1305 valeret,
1481 1251 1597 1309 quod
1627 1252 1722 1295 lati-

268 1340 371 1367 num
400 1325 597 1380 ,‚decet.“
624 1325 749 1367 Idem
783 1331 848 1367 est
877 1325 923 1367 in
965 1326 1146 1367 vocibus
1186 1324 1330 1367 latinis
1373 1330 1491 1382 „pa‘r,
1535 1325 1727 1381 aequus“

269 1409 393 1451 quae,
423 1395 458 1437 si
493 1394 634 1437 eidem
663 1395 823 1450 sensui,
855 1408 963 1451 quae
992 1396 1127 1438 verbo
1156 1395 1339 1450 „decet“
1361 1396 1619 1449 continetur,
1650 1396 1723 1438 de-

267 1463 499 1507 scribendo
528 1464 786 1518 inserviunt,
831 1465 916 1506 iam
946 1465 1258 1521 metaphoram,
1288 1472 1335 1507 ut
1364 1466 1423 1507 ita
1452 1466 1604 1518 dicam,
1635 1480 1722 1508 am·

265 1536 534 1593 plectuntur.
564 1536 717 1594 Itaque
747 1552 836 1579 non
862 1551 971 1594 opus
1001 1543 1080 1591 est,
1107 1537 1160 1579 ad
1191 1538 1371 1579 verbum
1402 1533 1519 1594 ἥκειν
1546 1537 1723 1580 lectoris

267 1608 457 1651 animum
486 1607 731 1663 advertere,
762 1608 879 1666 quod
906 1608 1041 1667 Soph.
1074 1608 1187 1653 Oed.
1223 1609 1316 1653 Col.
1335 1609 1415 1652 738
1446 1608 1563 1652 idem
1592 1608 1720 1662 valet,

268 1680 384 1737 quod
414 1686 610 1723 nostrum
640 1695 718 1736 „cs
747 1682 914 1723 kommt
930 1681 1086 1723 Einem
1114 1681 1197 1723 zu“
1225 1695 1303 1735 „es
1332 1682 1563 1736 gebiihrt‚“
1595 1695 1723 1736 quam

267 1749 627 1805 significationem
649 1751 783 1794 verbo
806 1748 1006 1794 ἔπεοικεν
1021 1750 1163 1793 inesse
1178 1756 1359 1806 constat,
1376 1751 1491 1809 quod
1508 1757 1724 1794 vertamus

266 1837 443 1866 necesse
475 1829 540 1865 est
568 1837 645 1877 „es
675 1823 842 1866 kommt
871 1822 1027 1866 Einem
1057 1825 1151 1865 zu.“

398 1892 474 1937 Sic
514 1899 741 1950 postquam
789 1900 832 1936 et
880 1908 903 1936 e
946 1894 1260 1950 significatione
1304 1899 1347 1936 et
1391 1907 1447 1936 ex
1471 1894 1722 1951 linguarum

266 1971 552 2021 cognatarum
583 1967 917 2024 comparatione,
946 1966 1137 2009 radicem
1163 1982 1248 2019 nn,
1294 1981 1403 2024 quae
1441 1966 1555 2008 inest
1585 1965 1721 2009 verbo

264 2037 454 2092 fasolua,
496 2036 552 2079 ad
582 2038 670 2081 skr.
701 2036 828 2091 ‚,vic“
865 2036 1141 2080 referendam
1181 2051 1275 2080 esse
1319 2036 1723 2092 demonstravimus,

264 2109 440 2152 πέποικα
470 2109 624 2151 eodem
651 2107 795 2162 modo,
825 2123 909 2164 quo
940 2108 1123 2152 λέλοιπα
1154 2124 1177 2151 e
1215 2109 1364 2151 radice
1397 2108 1477 2151 λιπ
1505 2108 1722 2165 originem

267 2182 406 2235 duxit,
436 2196 461 2223 a
490 2180 635 2223 radice
663 2196 734 2224 nn
767 2179 1050 2223 derivandum
1080 2195 1175 2223 esse
1201 2180 1325 2224 nobis
1341 2180 1621 2223 statuendum
1638 2185 1716 2234 cst,

267 2267 394 2309 quam
424 2252 608 2294 formam
636 2251 853 2306 digammo
883 2251 1139 2294 instructam
1172 2251 1300 2294 etiam
1334 2251 1448 2309 apud
1477 2252 1721 2294 Homerum

268 2323 454 2366 valuisse
487 2328 664 2375 constat,
697 2323 749 2365 cf.
779 2323 944 2366 Hoffm.
977 2323 1003 2366 l.
1022 2323 1122 2365 c.II
1153 2337 1195 2380 p.
1211 2323 1278 2365 36.
1310 2322 1465 2378 Itaque
1494 2321 1723 2364 Bekkerus

264 2410 354 2439 non
382 2394 606 2450 dubitavit,
636 2394 852 2450 digamma
884 2395 1011 2438 huius
1042 2394 1167 2438 verbi
1210 2395 1255 2438 in
1284 2396 1334 2439 ΙΙ
1364 2395 1603 2438 carminum
1630 2395 1722 2438 Ho-

265 2468 525 2511 mericorum
554 2467 810 2510 recensione
829 2468 875 2510 in
895 2473 1064 2511 textum
1084 2468 1295 2524 recipere.
1326 2466 1496 2511 fa'fiotna
1516 2468 1562 2510 in
1580 2467 1718 2511 Iliade

265 2539 418 2582 habes:
460 2542 513 2581 A
542 2539 633 2581 119.
676 2542 715 2581 B
748 2539 839 2581 190.
885 2543 925 2580 Γ
952 2539 1160 2583 158.170.
1205 2539 1319 2582 170.
1367 2540 1521 2582 Κ440.
1560 2540 1720 2583 Λ613.

269 2615 321 2653 Μ
345 2611 438 2653 212.
494 2610 538 2658 Ξ
563 2611 659 2653 212.
722 2612 758 2654 Ο
786 2612 853 2653 90.
916 2615 958 2652 Τ
981 2612 1045 2655 79.
1105 2615 1145 2653 Φ
1171 2612 1266 2654 436.
1328 2614 1372 2654 Ψ
1393 2612 1489 2654 493.
1560 2610 1600 2652 Ω
1627 2611 1724 2653 388.

264 2678 478 2735 πεπωκώς
517 2686 557 2725 Β
582 2683 650 2726 20.
688 2682 782 2725 337.
822 2682 919 2725 800.
988 2686 1028 2725 Γ
1054 2683 1146 2727 151.
1176 2683 1270 2727 219.
1301 2683 1397 2728 222.
1426 2682 1521 2726 449.
1588 2684 1627 2725 Ε
1651 2682 1718 2726 87.

264 2756 358 2798 522.
389 2756 484 2799 560.
516 2755 610 2798 604.
642 2755 734 2798 782.
767 2755 861 2797 800.
915 2759 968 2798 Η
989 2756 1056 2798 59.
1086 2756 1181 2798 256.
1238 2759 1282 2798 K
1309 2756 1404 2800 547.
1450 2757 1502 2797 Λ
1526 2755 1595 2797 27.
1622 2755 1718 2798 546.
