1984 3332
1011 165 1066 207 80

310 302 433 345 quae,
466 287 501 330 si
534 302 631 330 cum
663 286 998 340 instrumentali,
1027 286 1231 341 ablativo,
1272 287 1478 343 genetivo
1508 293 1553 329 et
1583 287 1770 331 locativo

306 359 597 415 coniungitur,
641 359 695 401 ad
743 359 917 402 easdem
961 358 1150 401 rationes
1192 358 1497 402 describendas
1528 358 1772 420 adhibetur,

306 431 460 488 quibus
493 430 793 488 exprimendis
824 432 866 474 in
886 428 1051 473 Graeca
1084 429 1233 487 lingua
1265 436 1425 484 nostra,
1458 445 1584 487 quam
1612 436 1771 472 tracta»

305 516 416 555 mus,
460 502 730 559 praepositio
762 502 953 545 inservit.
990 502 1145 556 „haca“
1177 517 1274 543 cum
1321 500 1639 558 instrumentali
1671 515 1770 543 con-

303 578 507 631 junctum
539 572 674 615 habes
705 579 768 629 yt.
785 573 849 616 19.
865 573 920 614 44
950 573 1056 615 haca
1101 573 1318 616 raokshna
1347 573 1455 630 garo
1501 574 1659 615 nmana
1688 571 1716 615 i.
1732 586 1769 615 e.

305 658 328 686 e
360 644 519 687 lucidis
549 644 729 687 aedibus
772 645 1041 687 reverentiae
1089 644 1134 700 (i.
1168 658 1223 688 ex
1254 644 1432 687 aedibus
1464 643 1769 698 Ovomazdis);

304 715 539 758 ablativum
573 714 732 769 „haca“
764 717 879 770 regit
910 731 949 759 V.
969 717 1009 770 6,
1028 716 1081 757 68
1112 722 1211 772 apat
1241 716 1349 758 haca
1379 715 1643 771 nizbarayen
1673 702 1705 758 ἰ..
1732 728 1769 756 e.

304 800 361 829 ex
394 800 504 843 aqua
535 785 715 830 eferant.
745 801 789 843 y.
806 786 874 831 46.
893 787 913 828 l
947 786 1056 830 haca
1084 786 1207 830 ashat
1237 786 1264 829 i.
1296 801 1333 830 e.
1364 801 1387 829 e
1419 785 1607 845 puritate
1638 784 1771 841 origi-

304 873 404 900 nem
451 857 625 900 ducens.
670 858 739 899 vd.
764 858 827 900 13.
851 858 930 900 103
973 859 1116 900 ahmat
1158 858 1265 900 haca
1293 875 1349 894 =
1376 858 1421 900 ἐκ
1449 854 1627 912 τούτους
1672 871 1769 898 cum

303 928 510 983 genetivo
556 928 834 971 coniunctum
880 928 1049 972 invenis
1096 929 1255 984 „haca“
1285 935 1345 985 yt.
1364 929 1430 972 17.
1450 930 1526 971 57:
1581 929 1634 972 cf.
1667 928 1771 970 baca

298 999 535 1054 jahikayao
567 999 835 1053 „mereticis“
870 1014 1007 1042 causa.
1071 999 1181 1042 Cum
1228 1006 1370 1042 autem
1403 1006 1582 1054 constet,
1626 998 1770 1042 zendi-

305 1070 713 1113 cumhsanskritici
744 1085 764 1112 s
795 1070 911 1111 vices
941 1084 1099 1125 gerere
1131 1071 1183 1112 cf.
1216 1070 1495 1113 Schleicher:
1526 1069 1768 1127 Compend.

310 1156 352 1199 p.
374 1141 470 1196 194,
485 1140 753 1195 singularum
786 1140 1006 1182 literarum
1033 1139 1213 1183 mutatio
1236 1154 1307 1183 me
1325 1147 1484 1195 monet,
1512 1146 1561 1183 ut
1589 1140 1768 1183 zendico

303 1213 467 1266 „haca“
483 1212 781 1254 sanskriticam
801 1211 1166 1269 praepositionem
1197 1213 1347 1267 „saeffl‘
1372 1226 1632 1269 comparem.
1665 1210 1768 1268 Sig-

302 1283 498 1327 nificatio
530 1284 656 1326 huius
678 1284 1026 1341 praepositionis,
1059 1298 1169 1340 quae
1201 1291 1267 1326 est
1299 1286 1447 1338 „cum“
1481 1285 1553 1338 (cf.
1572 1284 1768 1340 Benfey:

304 1357 454 1402 Gloss.
485 1373 520 1400 z.
562 1357 691 1401 Sama
722 1356 847 1399 Veda
877 1372 920 1414 p.
941 1357 1051 1412 188),
1089 1372 1157 1400 me
1201 1357 1435 1415 prohibere
1479 1371 1569 1400 non
1613 1362 1769 1414 potest,

305 1430 537 1485 quominus
553 1429 664 1472 hanc
682 1429 1048 1486 comparationem
1069 1444 1215 1471 veram
1233 1443 1327 1472 esse
1345 1434 1542 1484 statuam,
1569 1444 1664 1472 cum
1694 1428 1769 1471 Iu-

304 1500 387 1543 stio
432 1504 611 1542 auctore
658 1498 815 1552 „haca“
861 1514 959 1541 cum
1005 1499 1210 1555 genetivo
1259 1499 1537 1542 coniunctum
1584 1498 1766 1543 eundem

306 1585 483 1614 sensum
514 1570 746 1625 describat,
776 1572 829 1613 cf.
863 1572 972 1625 geus
1005 1571 1109 1613 haca
1141 1570 1168 1614 i.
1191 1585 1226 1613 e.
1259 1585 1356 1613 cum
1386 1570 1568 1627 pecude.
1600 1569 1768 1612 Eodem

307 1642 439 1685 modo
471 1642 515 1684 in
549 1641 721 1686 Graeca
752 1641 906 1696 lingua
933 1641 1300 1699 praepositionem
1330 1640 1378 1684 ἐκ
1408 1641 1548 1684 adhuc
1565 1656 1663 1684 cum
1682 1640 1769 1684 Ge-

307 1713 470 1768 netivo,
514 1713 835 1755 instrumentali
881 1719 925 1755 et
965 1712 1151 1755 ablativo
1192 1712 1467 1755 coniunctam
1512 1712 1768 1755 invenimus,

308 1785 692 1829 Instrumentalem
722 1784 757 1826 si
788 1784 990 1841 respicio,
1021 1784 1125 1826 mihi
1156 1784 1201 1825 in
1233 1784 1425 1827 animum
1454 1784 1576 1827 venit
1602 1782 1651 1828 ἐκ
1664 1781 1768 1828 θεό-

307 1872 386 1915 φιν
417 1857 475 1911 (Ρ
492 1856 590 1912 101)
621 1855 667 1899 ἐκ
684 1848 904 1914 παντόφιν
931 1858 983 1908 (ω
1001 1855 1089 1910 83),
1120 1855 1173 1898 dc
1203 1856 1357 1913 quibus
1386 1856 1535 1899 formis
1566 1856 1768 1900 conferas

307 1929 356 1972 L.
390 1928 569 1985 Meyer:
600 1928 814 1985 Gedrgte.
846 1927 1137 1984 Vergleichg.
1170 1928 1248 1970 der
1276 1941 1417 1985 gnuu.
1450 1929 1520 1971 lat.
1548 1929 1765 1973 Declinat.

308 2000 444 2059 p.54;
476 2000 591 2057 quod
624 1999 779 2042 attinet
808 1999 862 2042 ad
894 1999 1145 2055 ablativum,
1175 2014 1259 2056 ego
1289 1999 1387 2043 dico
1420 2000 1767 2044 terminationem

307 2076 404 2126 θεν,
449 2086 558 2128 quae
604 2071 778 2113 ablativi
822 2078 1016 2113 naturam
1062 2072 1264 2128 amplexa
1295 2072 1541 2114 nominibus
1573 2072 1768 2127 affigitur

308 2144 363 2187 cf.
394 2143 443 2198 ἐξ
466 2139 633 2187 ἁλόθεν
663 2143 834 2199 (Y355)
872 2143 927 2187 cf.
958 2143 1008 2186 L.
1039 2144 1195 2200 Meyer
1225 2144 1253 2187 l.
1286 2159 1323 2187 c.
1353 2160 1395 2202 p.
1412 2143 1480 2187 36.
1528 2143 1593 2189 Ut
1622 2150 1766 2192 autem

309 2230 484 2258 sensum
515 2215 882 2270 praepositionum
912 2216 1076 2268 „haca“
1101 2222 1145 2258 et
1173 2215 1219 2258 ἐκ
1236 2230 1563 2273 quoquoversus
1581 2216 1765 2258 eundem

309 2300 405 2330 esse
450 2285 761 2341 intelleximus,
802 2286 860 2329 ita
900 2287 1028 2329 etiam
1070 2286 1294 2343 utriusque
1338 2287 1457 2329 vocis
1497 2301 1712 2330 conexum
1743 2302 1766 2330 e

309 2358 576 2415 singularum
605 2358 825 2400 literarum
848 2359 1185 2402 commutatione
1202 2358 1500 2402 demonstrare
1524 2374 1765 2416 possumus.

309 2430 422 2474 Cum
451 2428 694 2472 Zendicum
722 2429 749 2470 h
783 2443 806 2471 e
838 2444 858 2472 s
889 2436 1029 2471 ortum
1061 2429 1128 2484 sit,
1168 2430 1365 2487 spiritum
1407 2432 1550 2474 lenem
1582 2431 1627 2473 in
1656 2446 1766 2475 voce

308 2501 355 2544 ἐκ
385 2507 530 2558 partes
559 2501 712 2543 literae
742 2517 761 2542 s
791 2502 1034 2558 suscepisse
1074 2503 1203 2544 certis
1246 2504 1512 2557 argumentis
1556 2504 1765 2547 firmatur.

310 2572 523 2631 Spiritum
552 2572 696 2614 lencm
728 2577 871 2613 autem
902 2586 925 2613 e
956 2572 1107 2631 spiritu
1138 2587 1291 2631 aspero
1324 2579 1462 2616 ortum
1495 2588 1591 2617 esse
1628 2575 1767 2617 forma

307 2643 355 2689 ἐκ
384 2645 589 2698 efficitur,
632 2644 678 2686 in
724 2660 807 2700 qua
848 2645 1044 2702 spiritum
1084 2659 1282 2702 asperum
1314 2661 1400 2689 non
1432 2648 1591 2689 iustum
1621 2647 1765 2689 locum

308 2715 506 2762 obtinere
535 2715 715 2761 Curtius
744 2729 786 2773 p.
799 2715 879 2759 617
910 2717 1071 2771 firmat3
1101 2717 1177 2760 sed
1209 2716 1284 2761 ille
1315 2718 1476 2776 optime
1507 2717 1764 2776 explicatur,
