1984 3332
957 208 960 211 .
968 173 1045 216 107

282 300 384 342 bare
412 314 496 343 non
512 313 684 357 possum
716 314 782 353 ea,
811 312 922 355 quae
942 297 1091 341 Peters
1121 296 1150 339 1.
1171 311 1208 338 c.
1224 311 1267 354 p.
1286 296 1337 337 10
1368 295 1423 337 de
1450 290 1612 347 nfdxw
1642 291 1726 334 dis-

281 372 462 428 putavit3
495 378 616 429 putat
648 372 762 414 enim
790 371 865 414 ille
892 372 961 413 vir
990 370 1144 412 doctus
1171 364 1305 422 no'cxw
1336 373 1380 410 et
1398 362 1551 421 nsaw}
1573 364 1725 407 abinis

281 443 412 487 literis
440 444 772 487 consonantibus
800 441 1028 500 incepisse.
1096 440 1185 486 Sed
1215 455 1312 483 cum
1343 434 1506 492 J-tJ-o'cxw
1535 436 1725 494 speeiem

283 518 445 559 formae
481 515 772 573 reduplicatae
801 529 905 572 prae
933 529 977 556 se
1007 514 1130 568 ferat,
1150 529 1274 569 quam
1292 512 1345 555 ad
1368 511 1556 555 radicem
1585 510 1723 565 „vag“

278 589 323 631 in
348 588 509 645 (vagio)
540 587 758 646 pertinere
788 601 916 648 supra
944 586 1216 641 ostendimus,
1233 585 1324 628 eius
1353 582 1583 642 explicatio
1614 596 1721 639 quo-

282 675 365 717 que
392 661 667 704 fundamento
697 666 830 703 caret.

394 733 621 776 Praeterea
649 748 700 776 το
731 731 986 790 productum
1016 732 1159 775 habes.

536 821 668 865 0249.
700 818 895 873 Μάντιος
923 813 977 864 αὖ
1003 821 1149 864 τέκετό
1180 821 1417 877 Ποφείὁεα.

405 910 528 953 Idem
559 917 624 953 est
651 917 750 954 ante
778 911 931 967 μέγαςε

475 1009 526 1048 H
535 1005 630 1048 444.
661 1008 854 1063 &veens
884 1005 990 1062 μέγα
1022 1004 1173 1061 πέργον

475 1080 502 1119 I
535 1077 628 1119 629.
658 1072 813 1133 ἄγριον
832 1077 877 1121 ἐν
903 1074 1114 1134 στήθεσσι
1132 1076 1241 1120 θέτὸ
1258 1071 1529 1132 μεγαλήτορα

474 1152 515 1190 Φ
531 1148 625 1191 256.
654 1149 775 1206 φεῦγ’
807 1145 831 1192 ὁ
860 1148 897 1191 δ’
925 1142 1092 1192 ὄπισθε
1119 1147 1228 1203 ῥέων
1255 1145 1390 1189 ἕπετό
1417 1143 1586 1202 μεγάλῳ

473 1224 522 1263 Χ
532 1222 627 1264 307.
653 1217 704 1264 τό
730 1237 802 1264 ποι
827 1218 920 1264 ὑπὸ
948 1218 1147 1276 λαπαρὴν
1173 1219 1324 1263 τέτατὸ
1353 1219 1460 1275 μέγα

276 1307 404 1363 μέγας
435 1323 459 1350 a
489 1308 652 1352 duabus
683 1308 822 1352 literis
852 1309 1049 1352 consonis
1081 1308 1310 1366 incepisse,
1357 1306 1415 1361 id,
1458 1306 1571 1362 quod
1600 1306 1720 1349 Hoff-

279 1394 456 1423 mannus
485 1380 509 1422 I
538 1395 578 1436 p.
604 1381 681 1423 156
708 1380 866 1435 statuit,
896 1381 1015 1423 nullo
1044 1386 1298 1437 argumento
1326 1381 1533 1423 firmatur.

409 1452 462 1494 In
501 1467 727 1495 numerum
770 1452 991 1495 duriorum
1032 1452 1360 1510 productionum
1401 1452 1562 1509 redigit
1599 1453 1722 1495 Hoff-

275 1539 455 1567 mannus
487 1524 531 1566 II
571 1538 611 1580 p.
640 1523 731 1565 186.
777 1522 932 1577 Χ303,
980 1522 1051 1565 ubi
1083 1521 1288 1577 legimus:
1321 1518 1584 1580 πρόφρονες,
1609 1519 1717 1578 εἰρύ-

273 1605 352 1639 ατὸ
384 1598 469 1639 νῦν.

407 1667 495 1712 Sed
523 1668 638 1710 hunc
668 1669 809 1710 locum
839 1668 1141 1726 excipiendum
1181 1682 1275 1710 esse
1315 1673 1434 1725 puto,
1474 1681 1570 1709 eum
1597 1667 1671 1708 νῦν
1695 1682 1720 1709 a

274 1738 401 1781 litera
428 1739 608 1796 spiranti
638 1754 657 1781 s
687 1739 953 1783 inchoavisse
980 1740 1073 1781 veri
1103 1739 1367 1782 simillimum
1398 1739 1453 1781 sit
1478 1740 1530 1781 cf.
1547 1738 1718 1782 Savels-

276 1813 386 1868 berg
416 1812 492 1868 (K.
508 1813 555 1857 Z.
574 1802 685 1856 XVI
710 1829 752 1872 p.
770 1813 854 1868 60).
888 1813 1093 1857 Vocalem
1121 1830 1145 1857 o
1178 1813 1221 1856 in
1252 1813 1317 1858 his
1346 1812 1718 1857 terminationibus

273 1890 424 1927 natura
455 1884 689 1928 firmiorem
721 1885 866 1937 fuisse,
895 1900 1020 1942 quam
1047 1886 1153 1928 alias
1181 1887 1362 1940 vocales,
1393 1901 1415 1928 e
1445 1886 1718 1928 multitudiue

272 1958 478 2013 locorum,
507 1958 579 2001 ubi
609 1958 832 2001 metricam
863 1958 1161 2002 difficultatem
1191 1960 1386 2003 effecisse
1417 1958 1603 2014 videtur,
1634 1959 1717 2001 col·

271 2030 410 2086 ligere
441 2030 656 2073 debemus.
729 2030 845 2085 Quid
873 2031 1007 2087 igitur
1037 2032 1159 2075 nobis
1200 2032 1254 2075 de
1293 2033 1373 2074 hac
1417 2031 1717 2074 terminatione

270 2101 546 2145 iudicandum
576 2102 670 2145 est‘?
726 2102 909 2146 Formae
954 2104 1083 2146 medii
1129 2105 1174 2147 in
1212 2121 1262 2147 το
1294 2111 1337 2147 et
1366 2120 1439 2148 ντο
1470 2103 1716 2147 desinentes

272 2175 536 2217 sanskriticis
553 2174 924 2218 terminationibus
945 2183 1014 2230 „ta
1045 2184 1087 2219 et
1117 2178 1214 2219 nta“
1245 2177 1525 2235 respondere,
1542 2176 1635 2234 quis
1653 2183 1716 2218 est

273 2247 344 2300 qui
372 2247 535 2304 neget?
607 2248 700 2293 Iam
738 2263 834 2290 eum
879 2256 1056 2302 constet,
1099 2251 1143 2292 in
1184 2250 1453 2295 Graecorum
1497 2250 1647 2305 lingua
1677 2264 1716 2301 o,

273 2320 387 2375 quod
417 2319 461 2362 in
492 2321 577 2364 fine
609 2335 761 2363 vocum
789 2321 1024 2378 invenitur,
1051 2323 1168 2366 vices
1192 2323 1355 2366 vocalis
1381 2339 1406 2366 a
1428 2336 1596 2378 gerere,
1626 2328 1715 2364 tum

272 2407 368 2434 curn
399 2392 546 2435 literas
576 2409 595 2435 s
626 2399 699 2435 aut
730 2409 755 2436 τ
786 2400 860 2436 aut
887 2411 904 2437 ι
929 2396 1123 2438 vocalem
1163 2412 1187 2439 ο
1232 2402 1398 2438 secutas
1450 2408 1544 2438 esse
1587 2395 1716 2437 certis

274 2464 542 2520 argumentis
589 2465 829 2509 ostenditur
872 2467 947 2522 (cf.
984 2468 1039 2510 K.
1076 2469 1124 2512 Z.
1162 2468 1262 2523 XV,
1286 2469 1399 2524 410),
1451 2466 1715 2511 terminatio-

270 2552 346 2580 nes
374 2554 425 2581 το
455 2545 499 2581 et
526 2554 599 2581 ντο
630 2555 653 2582 e
682 2555 752 2582 τοι
779 2547 822 2583 et
851 2556 943 2583 ντοι
975 2548 1089 2584 ortas
1118 2555 1213 2584 esse
1253 2548 1298 2583 ut
1334 2547 1583 2595 statuamus,
1627 2555 1714 2582 mo-

271 2616 345 2652 net
373 2624 452 2652 nos
480 2609 629 2666 lingua
646 2611 910 2655 sanskritiea.
943 2612 1144 2656 Kuhnius
1175 2612 1304 2668 enim,
1335 2612 1492 2667 (Ueber
1512 2612 1588 2654 das
1617 2611 1714 2653 Ver·

268 2682 451 2725 hc’iltm‘ss
483 2684 646 2741 einiqer
684 2685 953 2727 secundm-en
986 2684 1379 2742 Medialendunyen
1414 2701 1468 2727 zu
1507 2685 1586 2726 den
1623 2685 1714 2740 pri—

270 2760 418 2797 miiren
445 2755 532 2799 XV
561 2771 604 2814 p.
622 2756 701 2799 401
719 2759 792 2812 ss.)
822 2772 917 2800 cum
946 2758 1271 2803 terminationes
1301 2757 1524 2817 primarias
1550 2757 1596 2800 in
1633 2755 1713 2799 lin-
