1984 3332
999 144 1088 188 120

317 264 413 314 illev
453 265 521 309 vir
570 267 724 312 doetus
767 285 820 311 αν
862 269 1047 311 formam
1096 283 1154 312 ex
1196 270 1282 327 „cst
1328 268 1633 327 amplificatam
1682 285 1776 315 esse

317 335 459 380 docet.

453 410 548 453 Iam
579 411 1073 465 animumadvertamus
1102 401 1163 454 ad'
1187 407 1215 454 οἷ
1244 411 1499 455 Accusativi
1529 411 1777 469 singularis,

320 482 435 539 quod
467 489 511 526 et
538 484 798 542 productum
830 492 873 528 et
901 485 947 527 in
974 485 1093 527 hiatu
1125 484 1312 541 positum
1344 483 1602 527 invenimus.

453 556 612 599 Hiatus
651 562 772 600 extat
800 557 850 600 >in
886 572 1063 601 caesura
1108 556 1327 601 trochaica
1374 556 1499 614 pedis
1541 556 1678 602 tertii:
1721 557 1777 602 ef.

320 628 485 673 Hoffm.
500 630 523 673 Ι
553 643 595 689 p'.
618 629 685 674 88.
704 630 772 674 89.

638 733 682 774 Δ
699 731 794 774 295.
824 726 1089 788 Πελάγοντα,
1120 725 1381 788 Ἀλάστορα.

643 806 682 847 Θ
701 804 796 846 285.
827 800 965 854 ἐόντα,
998 803 1201 859 ἐϋκλείης.

639 875 797 918 Λ373.
826 870 1012 932 θώρηκα
1038 870 1340 935 Ἀγαστρόφου

641 951 691 988 Χ
707 946 798 989 125.
829 950 1018 1001 γυναῖκα,
1048 947 1159 990 ἐπεὶ.

647 1018 797 1062 Ψ233.
823 1013 1061 1074 Ἀτρείωνα
1091 1013 1278 1072 ἀολλέες.

694 1091 789 1134 360.
822 1090 1017 1146 Φοίνικα,
1049 1087 1236 1134 ὀπάονα.

454 1190 581 1233 Idem
608 1196 675 1233 est
704 1191 750 1233 in
780 1191 868 1234 fine
896 1191 1022 1249 pedis
1052 1191 1220 1247 quarti:
1250 1193 1306 1234 ef.
1336 1191 1543 1235 Hoffm.I
1575 1206 1618 1249 p.
1633 1192 1699 1235 90.

641 1287 700 1327 M
712 1285 809 1329 320.
835 1284 1051 1342 μελιηδέα,
1079 1280 1183 1328 ἀλλ’.

322 1393 468 1436 neque
497 1378 640 1422 minus
673 1385 792 1422 certe
824 1379 909 1422 huc
937 1379 1218 1423 referendum
1250 1393 1345 1423 esse
1376 1385 1479 1438 puto
1512 1382 1566 1422 A
1575 1380 1672 1433 532,
1717 1378 1781 1432 εἷς

319 1448 407 1494 ἅλα
432 1445 550 1502 ὄῖλτο,
581 1451 655 1494 ubi
685 1451 828 1494 hiatus
859 1457 978 1494 extat
1006 1452 1052 1494 in
1083 1452 1193 1494 thesi
1224 1451 1348 1511 pedis
1377 1452 1518 1509 primi.
1549 1452 1660 1496 Cum
1679 1459 1780 1495 ante

315 1523 497 1566 verbum
526 1519 712 1578 ἅλλομαί
725 1538 814 1566 non
843 1523 1086 1567 invenerim
1115 1523 1448 1580 productionem
1477 1523 1623 1568 brevis
1648 1524 1778 1581 sylla-

317 1595 397 1637 bae
427 1594 473 1635 in
502 1593 673 1636 literam
706 1609 941 1637 consonam
971 1594 1221 1648 desinentis,
1260 1595 1342 1638 hoe
1383 1595 1481 1638 loeo
1519 1595 1576 1637 ad
1605 1595 1776 1638 literam

318 1683 338 1710 s
365 1665 576 1709 initialem
606 1666 848 1724 confugere
878 1682 966 1710 non
993 1666 1106 1711 licet.
1153 1668 1209 1711 cf.
1246 1663 1430 1723 ἅλλομαι
1475 1667 1549 1712 lat.
1581 1667 1687 1711 salio
1718 1668 1776 1712 ef.

317 1738 439 1782 Gurt.
468 1753 512 1795 p.
532 1737 629 1781 483.

450 1809 628 1853 Hiatum
660 1810 863 1853 illicitum
892 1811 975 1854 hoe
1003 1828 1030 1854 α
1047 1811 1300 1855 Aceusativi
1328 1811 1489 1855 efficitz
1520 1813 1574 1855 cf.
1611 1812 1776 1857 Hoffm.

314 1883 335 1926 I
365 1899 406 1941 p.
435 1883 504 1927 93.

638 1968 790 2011 ²1¹263.
817 1969 930 2025 θῆκε
962 1969 1141 2023 γυναῖκα
1169 1961 1370 2023 ἄγεσθαι.

314 2051 511 2096 Eandem
540 2052 737 2095 vocalem
769 2051 1027 2109 productam
1058 2051 1279 2094 videmus:

634 2137 687 2176 A
702 2134 770 2177 45.
827 2128 1089 2191 ἇμφηρεφὲᾶ
1118 2149 1166 2176 τε
1202 2133 1431 2191 φαρέτρην.

635 2209 674 2248 Ε
703 2206 798 2248 827.
818 2199 963 2261 ’Ἁρηᾶ
990 2202 1041 2248 τό
1070 2220 1130 2261 γε.

635 2277 678 2325 Ξ
704 2278 799 2321 320.
828 2278 1010 2335 Περσῆα
1035 2273 1225 2322 πάντων.

634 2352 673 2391 E
701 2350 796 2391 576.
824 2348 1098 2403 Πυλαιμένεᾶ
1128 2348 1315 2404 πελέτην.

631 2437 656 2462 κ
701 2419 791 2461 141.
822 2415 1028 2473 ναύλοχον
1061 2418 1105 2470 ἐς
1133 2417 1297 2473 λιμένᾶ,
1329 2418 1414 2462 καί.

445 2503 738 2547 Hoffmannus
769 2502 830 2554 (ΙΙ
858 2518 900 2560 p.
919 2501 1010 2544 186.
1042 2501 1097 2545 cf.
1116 2500 1138 2542 I
1171 2516 1215 2558 p.
1236 2500 1328 2543 160.
1353 2500 1449 2555 164)
1495 2501 1570 2543 has
1614 2500 1772 2557 produ-

313 2576 482 2619 ctiones
513 2574 712 2618 duriores
743 2589 887 2630 neque
919 2574 1030 2617 iusta
1059 2574 1336 2617 excusatione
1367 2589 1465 2617 usas
1494 2574 1609 2617 dicit.

450 2648 570 2691 Ante
603 2646 736 2704 μέγας
775 2646 1026 2703 saepissime
1068 2646 1397 2705 productionem
1441 2645 1569 2689 huius
1608 2644 1772 2688 vocalis

312 2720 561 2765 invenimus
589 2720 667 2765 cf.:
