1984 3332
926 170 982 213 93

234 289 327 333 104.
386 294 426 333 Σ
449 291 544 335 224.
615 295 654 334 Y
675 291 769 334 368.
828 293 869 332 Φ
898 289 993 333 363.
1057 292 1108 331 X
1131 288 1226 332 352.
1254 287 1351 331 513.
1427 290 1472 331 Ψ
1495 289 1562 332 89.
1593 289 1688 332 731.

232 361 273 403 Ω
300 361 413 417 269.)
449 363 602 421 quibus
634 362 888 406 Hoffmanni
920 359 1134 412 sententia
1166 360 1329 403 firmari
1366 359 1551 414 videtur,
1591 374 1687 403 cae-

229 447 372 474 suram
401 435 753 490 semiquinariam
783 449 864 491 per
892 449 938 475 se
966 432 1239 489 productioni
1271 432 1463 474 brevium
1495 431 1687 487 syllaba-

227 519 323 547 rum
353 506 561 548 auxilium
580 507 763 561 afferre3
795 511 924 561 atque
956 504 989 547 si
1020 503 1232 547 rationem
1252 504 1461 547 habemus
1483 517 1685 547 caesurae

228 575 566 630 semiternariae,
612 591 665 618 ex
711 576 1007 629 undetriginta
1054 575 1266 631 exemplis
1312 575 1524 616 tredecim
1568 575 1684 617 exci-

227 646 387 703 pienda
423 662 517 690 esse
548 654 674 690 antea
704 647 983 701 ostendimus,
1006 647 1067 689 ita
1096 653 1143 688 ut
1170 647 1256 688 sint
1283 646 1448 701 reliqua
1477 646 1684 698 sedecim,

230 717 288 772 (B
315 718 383 761 39.
412 719 506 761 233.
539 722 577 761 Ε
604 719 699 761 622.
753 723 795 760 Ζ
822 719 914 760 176.
944 718 1041 759 501.
1098 721 1151 759 Η
1173 718 1239 758 77.
1269 718 1336 760 84.
1365 717 1460 760 232.
1518 721 1563 759 K
1588 718 1685 760 281.

230 792 282 830 A
302 789 368 832 39.
431 794 478 832 N
499 790 592 833 511.
622 789 716 832 558.
771 792 810 830 Σ
835 788 928 831 168.
992 791 1030 829 Y
1054 788 1148 830 243.
1200 790 1244 829 Ψ
1270 788 1362 830 110.
1392 787 1508 844 603.)
1553 789 1627 830 ubi
1660 803 1684 831 c

230 860 368 903 literis
401 861 662 918 spirantibus
692 861 810 903 nulla
842 860 1062 903 excusatio
1099 861 1241 917 repeti
1268 866 1425 917 potest.
1497 859 1687 903 Accedit

227 937 274 973 ut
303 932 595 975 Hoffmannus
621 938 757 974 totum
789 946 1017 974 numerum
1051 946 1196 973 earum
1237 946 1408 985 vocum,
1447 946 1552 988 quas
1591 932 1685 988 ipse

229 1003 274 1045 in
315 1004 449 1047 altero
491 1004 712 1046 volumine
755 1004 1051 1059 quaestionum
1083 1003 1418 1045 Homericarum
1464 1003 1685 1059 digammo

227 1073 458 1117 instructas
490 1090 585 1118 esse
615 1075 776 1130 statuit,
801 1075 846 1117 in
865 1074 1192 1117 enumeratione
1210 1074 1407 1116 locorum
1424 1074 1684 1131 neglexerit.

227 1144 275 1188 Si
305 1159 378 1187 eos
413 1147 726 1202 quinquaginta
762 1146 951 1202 quinque
991 1146 1124 1199 locos,
1168 1145 1241 1187 ubi
1283 1144 1573 1188 Hoffmannus
1617 1145 1684 1187 di-

227 1229 399 1271 gamma
441 1217 585 1260 valere
616 1218 764 1260 statuit
804 1217 941 1271 (cf.II
968 1231 1010 1274 p.
1026 1217 1115 1271 54),
1156 1215 1242 1258 illis
1284 1216 1506 1272 octoginta
1548 1216 1683 1261 tribus

230 1288 439 1341 addimus,
473 1303 546 1330 eos
575 1289 709 1343 locos,
739 1290 813 1331 ubi
841 1290 990 1331 literae
1020 1289 1232 1346 spirantes
1251 1288 1581 1344 productionem
1595 1303 1685 1331 non

231 1366 453 1415 excusant,
490 1360 638 1417 paullo
671 1360 811 1403 minus
843 1360 1014 1403 tertiam
1042 1366 1210 1418 partem
1240 1359 1430 1402 omnium
1459 1360 1682 1418 exemplo·

230 1445 341 1486 rum,
387 1445 496 1486 quae
527 1431 859 1488 productionem
889 1431 1034 1473 brevis
1065 1430 1259 1486 syllabae
1288 1431 1333 1472 in
1373 1431 1544 1473 literam
1583 1446 1683 1474 con·

228 1491 379 1544 sonam
408 1502 644 1546 desinentis
672 1503 718 1545 in
753 1517 935 1545 caesura*
969 1501 1274 1557 semiquinaria
1314 1502 1439 1545 nobis
1479 1503 1684 1559 offerunt,

226 1573 429 1631 amplecti
457 1574 769 1630 intellegimus,
810 1589 906 1615 cum
946 1574 990 1615 in
1021 1587 1201 1615 caesura
1240 1574 1551 1628 semiternaria,
1596 1574 1684 1616 illis

228 1645 515 1700 quadraginta
548 1651 647 1688 octo
678 1645 799 1699 locis,
840 1644 914 1686 ubi
941 1644 1206 1686 Hoffmanno
1247 1644 1358 1687 duce
1397 1646 1453 1688 cf.
1480 1649 1531 1687 Π
1568 1660 1610 1702 p.
1630 1647 1686 1688 54

227 1716 354 1758 litera
383 1717 564 1759 Aeolica
593 1717 724 1769 valet,
757 1716 818 1759 eis
850 1716 1075 1772 exemplis,
1117 1731 1227 1771 quae
1257 1716 1386 1760 modo
1419 1718 1683 1760 enumeravi-

227 1802 334 1840 mus,
368 1788 594 1842 adiunctis‚
625 1788 774 1844 quinta
803 1788 895 1830 fere
925 1802 1025 1844 pars
1056 1789 1249 1831 locorum
1281 1795 1429 1844 restet,
1467 1789 1542 1832 ubi
1572 1805 1597 1832 a
1636 1789 1684 1832 li·

226 1858 331 1900 teris
360 1859 620 1916 spirantibus
651 1860 925 1917 productioni
965 1861 1125 1902 iustum
1163 1861 1372 1902 auxilium
1411 1861 1559 1903 afferri
1596 1876 1684 1903 non

226 1937 390 1987 potest3
422 1937 549 1988 atque
568 1932 604 1974 si
633 1931 848 1974 rationem
883 1932 1094 1975 habemus
1124 1932 1290 1975 ordinis
1307 1932 1475 1975 metrici
1489 1931 1685 1987 secundi,

227 2002 281 2044 ad
307 2016 431 2057 quem
462 2004 683 2059 pertinent
712 2003 1027 2060 productiones
1059 2019 1263 2046 caesurae
1304 2004 1683 2061 semiseptenariae

229 2080 272 2116 et
300 2074 679 2129 seminovenariae,
700 2100 750 2105 —
780 2082 879 2119 sunt
909 2077 1023 2118 enim
1054 2092 1185 2119 unum
1218 2083 1261 2119 et
1291 2076 1578 2132 quadraginta
1609 2091 1683 2119 ex·

227 2146 384 2203 empla,
415 2160 524 2202 quae
546 2147 870 2191 HoffmannusI
890 2162 932 2204 p.
955 2148 1034 2190 103
1063 2149 1217 2203 attulit,
1247 2148 1302 2190 ad
1333 2162 1441 2205 quae
1470 2149 1685 2191 accedunt

226 2218 311 2261 loci
345 2218 629 2274 quadraginta
664 2227 858 2275 quatuor,
903 2220 978 2262 ubi
1010 2219 1126 2262 idem
1155 2220 1238 2262 Vir
1270 2221 1419 2263 doctus
1449 2221 1683 2279 spirantem

226 2284 427 2334 labialem
459 2291 815 2349 productionibus
854 2285 1009 2334 iustam
1047 2292 1208 2334 afferre
1247 2292 1564 2335 excusationem
1605 2293 1684 2336 do-

227 2368 297 2405 cet
315 2388 368 2394 —
389 2364 518 2420 paulo
551 2364 647 2421 plus
677 2363 826 2421 quinta
855 2379 956 2421 pars
986 2365 1177 2408 omnium
1208 2364 1510 2421 exemplorum
1541 2364 1683 2408 litera-

226 2450 321 2477 rum
353 2435 606 2493 spirantium
635 2436 844 2478 auxilium
872 2443 1139 2493 aspernatur.
1196 2437 1374 2479 Etiamsi
1403 2452 1490 2480 non
1520 2450 1683 2491 negare

226 2508 443 2563 volumus,
485 2508 816 2566 productionem
847 2509 993 2551 brevis
1024 2510 1219 2566 syllabae
1250 2509 1294 2550 in
1324 2509 1494 2551 literam
1530 2523 1679 2551 conso-

226 2594 326 2623 nam
356 2579 608 2636 desinentis,
650 2593 759 2638 quae
787 2586 905 2623 extat
936 2587 1036 2624 ante
1065 2595 1288 2624 caesuram
1318 2580 1683 2637 semiquinariam,

224 2652 305 2694 hac
335 2652 429 2709 ipsa
456 2667 609 2696 versus
639 2653 743 2696 sede
774 2653 980 2708 adiuvari,
1013 2660 1155 2696 tamen
1184 2653 1283 2695 huic
1316 2667 1467 2696 versus
1484 2653 1580 2695 loco
1595 2666 1683 2694 non

225 2730 385 2767 tantam
414 2724 502 2767 vim
534 2730 578 2767 et
608 2724 911 2768 auctoritatem
952 2726 1145 2769 tribuere
1188 2740 1432 2782 possumus,
1478 2730 1681 2782 quantam
