1984 3332
966 171 1048 214 123

275 294 393 351 quod
424 309 480 338 ex
510 311 535 338 a
553 307 589 340 4-
609 311 653 338 m
680 294 897 352 originem
927 293 1066 338 duxit.
1097 293 1153 337 ef.
1171 293 1452 339 Schleicher:
1485 290 1729 351 Compend.

275 380 316 423 p.
333 366 429 410 664.
488 366 641 425 Itaque
666 366 748 410 iste
777 366 918 410 hiatus
948 366 1103 410 iustam
1135 365 1268 409 habet
1301 365 1643 409 excusationem.

404 437 517 481 Tum
544 437 589 480 in
618 436 738 481 hiatu
767 438 955 496 positum
987 437 1231 482 invenimus
1259 437 1613 480 terminationem
1643 436 1729 494 pri—

280 521 378 552 mae
405 522 621 568 personae
647 509 828 568 pluralis
858 510 1004 566 medii,
1036 510 1093 551 cf.

472 583 511 623 Θ
528 581 624 623 503.
653 577 799 636 δόρπα
824 582 861 623 τ’
893 578 1285 639 ἐφοπλισόμεσθα·
1315 575 1436 637 ἀτὰρ.

272 652 330 695 ef.
358 650 560 694 Hoffm.I
587 667 629 710 p.
647 651 714 695 89.
768 652 896 697 Idem
920 668 944 695 a
967 652 1235 711 „productum
1267 653 1489 707 habemus,

403 727 453 766 X
463 724 556 768 393.
583 719 786 781 ἧράμεθᾶ
814 724 922 780 μέγα
949 725 1090 776 κῦδος.

403 811 429 838 κ
456 794 523 839 42.
581 791 727 838 οἴκαδε
757 792 1006 851 νισσόμεθᾱ
1035 792 1183 848 κενεὰς
1212 793 1290 840 σὺν
1314 798 1462 853 χεῖρας
1492 794 1664 850 ἔχοντες

272 867 364 910 Leo
396 868 575 924 Meyer:
602 867 658 910 Κ.
689 867 844 910 Z.V11
872 869 1012 926 p.219
1042 883 1098 911 ex
1126 869 1209 912 hoc
1237 869 1335 911 loco
1368 868 1549 925 colligit,
1583 864 1730 919 κενεός

270 938 387 997 apud
418 939 661 982 Homerum
689 954 715 981 a
742 955 796 981 nf-
826 939 1057 997 incepisse,
1107 954 1206 983 cum
1247 940 1332 982 hoc
1375 939 1636 983 adiectivum
1674 940 1729 982 ad

271 1011 576 1054 sanskriticum
595 1013 736 1067 eflnya
752 1011 1031 1055 referendum
1049 1012 1117 1068 sit,
1147 1012 1263 1070 quod
1290 1012 1416 1056 nobis
1433 1011 1723 1068 antiquiorem

271 1086 451 1128 formam
482 1086 699 1142 „cvanyass
730 1085 948 1144 praebeat.
977 1084 1067 1130 Sed
1090 1085 1171 1129 hac
1194 1084 1486 1144 explicatione
1509 1099 1597 1128 non
1615 1098 1724 1141 opus

271 1162 350 1213 est,
390 1172 488 1201 eum
518 1157 657 1201 vocali
684 1173 712 1200 α
745 1172 922 1201 eausam
968 1157 1263 1216 productionis
1302 1157 1514 1200 contineri
1552 1156 1728 1200 demon-

270 1230 447 1272 straturi
476 1231 622 1274 simus.

400 1301 612 1343 Voealem
640 1316 668 1342 α
696 1301 742 1343 in
774 1304 897 1356 μεθα
923 1307 1012 1343 tam
1041 1301 1201 1344 fortem
1231 1315 1340 1354 esse,
1370 1305 1418 1342 ut
1456 1300 1638 1343 duarum
1674 1300 1729 1342 li-

271 1378 460 1416 terarum
491 1379 637 1430 partes
677 1373 893 1431 suscipiat,
940 1373 1024 1416 iam
1068 1372 1171 1416 inde
1215 1378 1410 1430 apparet,
1452 1370 1568 1428 quod
1612 1370 1728 1430 apud

272 1444 438 1488 Aeoles
479 1444 657 1488 testibus
696 1445 1005 1501 grammaticis,
1052 1460 1160 1503 quos
1204 1443 1351 1487 videas
1392 1444 1507 1501 apud
1538 1443 1726 1488 Ahrens.

269 1517 386 1561 Dial.
406 1518 431 1561 I
444 1534 485 1576 p.
504 1518 585 1560 130
603 1518 628 1571 ξ
643 1517 711 1572 24,
740 1517 832 1561 sola
848 1517 1012 1561 vocalis
1041 1533 1062 1560 ε
1093 1517 1302 1560 iacturam
1324 1516 1488 1560 vocalis
1511 1518 1590 1572 „a“
1611 1530 1727 1559 eom-

272 1603 456 1647 pensare
485 1603 574 1631 non
605 1595 789 1647 poterat,
830 1589 909 1633 sed
941 1604 1040 1632 cum
1068 1589 1197 1632 litera
1236 1588 1371 1631 nasali
1410 1588 1722 1644 coniungenda

272 1667 376 1717 erat,
405 1667 454 1704 ut
483 1662 667 1705 eandem
695 1662 997 1705 auctoritatem
1024 1661 1257 1717 obtineret,
1286 1675 1395 1717 quae
1423 1661 1577 1705 literae
1606 1677 1634 1704 α
1663 1661 1728 1703 in·

271 1740 377 1777 erat.
430 1734 598 1777 Aeoles
623 1734 746 1797 enim
775 1734 1079 1777 terminatione
1107 1737 1248 1789 μεθεν
1282 1748 1362 1791 pro
1399 1737 1521 1788 μεθα
1548 1735 1727 1776 uteban-

268 1811 350 1849 tur.
411 1806 460 1851 Si
487 1811 732 1863 spectamus
758 1806 814 1849 ad
842 1806 1025 1863 primam
1055 1821 1283 1864 personam
1320 1805 1474 1861 dualis,
1517 1820 1627 1864 quae
1658 1811 1726 1849 est

267 1881 424 1933 μεθον,
454 1879 555 1922 huic
585 1878 753 1921 formae
785 1878 937 1921 eadem
965 1878 1073 1921 ratio
1112 1878 1344 1921 intercedit
1383 1893 1482 1920 eum
1519 1878 1720 1921 termina-

268 1950 388 1994 tione
414 1954 550 2007 μεθα,
588 1965 699 2008 quae
733 1957 799 1994 est
828 1950 942 1994 inter
974 1950 1281 1993 Accusativum
1316 1948 1494 1994 secundi
1524 1949 1726 1994 flexionis

270 2022 433 2066 ordinis
461 2030 505 2066 et
537 2023 723 2066 eundem
750 2035 898 2066 casum
926 2023 1083 2066 tertiae
1115 2023 1438 2077 declinationis:
1484 2026 1625 2078 μεθαε
1653 2039 1727 2078 με·

270 2098 358 2138 θον
392 2113 439 2134 =
471 2092 611 2139 mida:
653 2091 787 2140 οἷκον.
829 2095 1047 2151 ‘'Accedit,
1074 2095 1189 2154 quod
1228 2095 1306 2138 illa
1345 2097 1486 2138 forma
1524 2094 1665 2139 dualis
1703 2112 1729 2138 a

269 2166 407 2226 prima
451 2182 638 2225 persona
680 2167 862 2225 pluralis
905 2166 1121 2223 originem
1168 2168 1296 2210 duxit
1342 2167 1399 2210 ef.
1447 2167 1726 2212 Schleieher:

270 2238 513 2296 Compend.
541 2254 583 2297 p.
599 2239 693 2282 696.
763 2237 810 2284 Si
841 2238 895 2281 de
929 2237 1100 2294 origine
1128 2238 1256 2281 huius
1283 2255 1311 2281 α
1349 2238 1394 2281 in
1435 2241 1557 2293 μεθα
1597 2254 1727 2296 quae·

268 2311 417 2366 rimus,
447 2310 550 2354 mihi
581 2310 756 2369 quidem
788 2318 972 2368 constat,
1002 2311 1114 2355 illud
1143 2327 1171 2355 α
1199 2327 1287 2356 non
1318 2326 1374 2356 ex
1393 2328 1445 2356 αν
1474 2313 1726 2370 (οἰμεθαν)

269 2390 411 2426 ortum
443 2398 552 2439 esse,
581 2385 625 2427 id
657 2384 771 2440 quod
804 2385 979 2440 Misteli,
1009 2399 1051 2442 p.
1069 2385 1149 2428 331
1181 2385 1240 2428 K.
1268 2386 1316 2429 Z.
1336 2385 1423 2428 XV
1455 2386 1617 2441 statuit,
1649 2386 1726 2430 sed

268 2462 316 2498 ut
345 2455 718 2499 terminationibus
748 2457 880 2500 medii
908 2473 999 2512 μαι,
1041 2472 1127 2512 σαι,
1165 2473 1236 2501 ται
1265 2457 1551 2502 sanskriticae
1583 2460 1724 2514 „me,“

269 2528 386 2583 „se“,
406 2530 510 2582 ,‚te‘·'
524 2535 726 2572 accurate
753 2529 1035 2588 respondent,
1053 2531 1114 2571 ita
1133 2530 1264 2572 etiam
1281 2534 1403 2584 μεθα
1420 2530 1577 2573 eodem
1593 2530 1723 2573 modo

267 2608 410 2644 ortum
443 2616 538 2647 esse
567 2601 672 2644 mihi
699 2601 886 2657 videtur,
917 2618 1005 2659 quo·
1031 2602 1339 2647 sanskriticum
1366 2602 1564 2658 ,‚mahe“‚
1596 2602 1723 2647 zend.

269 2673 428 2728 maide3
471 2673 551 2718 hae
578 2680 722 2718 autem
750 2674 1077 2719 terminationes
1121 2674 1177 2718 ad
1221 2675 1406 2718 formam
1447 2674 1725 2733 primitivam,

269 2760 379 2802 quae
406 2751 472 2789 est
497 2745 729 2802 ‚,madhai“
754 2747 1015 2791 referendae
1043 2753 1156 2803 sunt,
1186 2747 1246 2790 ita
1274 2753 1322 2790 ut
1350 2740 1472 2803 μεθα
1497 2762 1521 2791 e
1548 2748 1725 2804 μεθα(ι)
