1984 3332
984 229 1040 272 82

268 346 318 402 ἐξ
352 347 518 390 eisdem
549 349 819 404 argumentis
849 348 1103 406 explicatur,
1134 348 1288 406 quibus
1319 364 1338 391 s
1367 348 1413 389 in
1445 347 1576 403 „abs“
1599 353 1728 405 atque

268 419 439 474 „subs.“
483 420 714 474 Quomodo
745 427 889 463 autem
918 421 1058 463 forma
1082 419 1137 474 ἐς,
1172 435 1297 476 quam
1326 433 1406 477 pro
1426 418 1729 462 s‘ninvenimus

267 492 313 535 in
356 491 545 535 dialecto
587 491 796 536 Boeotica
829 493 1038 548 (AhrenS.
1065 492 1237 536 Diall.I
1272 507 1313 550 p.
1329 490 1550 547 213.214),
1592 490 1730 548 expli—

266 564 406 607 canda
434 564 502 619 sit,
530 565 564 608 si
597 565 859 620 quaerimus,
885 565 1009 608 nobis
1033 580 1113 622 pro
1144 571 1262 608 certo
1288 564 1533 606 habendum
1555 568 1634 617 est,
1661 576 1732 605 eo-

265 637 369 679 dem
402 633 545 688 modo,
596 651 680 694 quo
713 651 736 679 e
766 637 920 691 „subs“
966 637 1090 692 „sus“
1137 643 1275 679 ortum
1305 642 1382 685 est,
1431 637 1487 679 cf.
1520 634 1731 677 sustinere

265 707 365 764 (pro
407 707 681 761 substinere),
724 709 944 766 suscipere
982 711 1077 766 (pro
1117 708 1385 765 subscipere)
1425 707 1477 749 cf.
1517 706 1631 748 Pott.
1661 705 1729 748 Et.

262 779 621 835 Forschg.1250‚
654 794 677 822 e
706 780 846 823 forma
887 779 968 834 ἐκς,
1013 795 1110 823 cum
1137 796 1163 822 κ
1192 784 1483 831 evanesceret,
1528 776 1572 829 ἐς
1607 777 1729 820 nasei

265 866 408 910 posse,
440 852 557 909 quod
586 851 630 903 ἐς
659 859 758 895 ante
788 854 986 896 vocalem
1018 854 1061 895 in
1092 852 1158 904 ἐςς
1188 858 1395 894 mutatum
1425 851 1559 894 fuisse
1589 850 1730 893 forma

264 919 464 978 ε’σσάρχει
491 941 547 961 =
574 920 745 980 ἐξάρχει
774 924 850 980 (cf.
881 924 1056 967 Ahrens
1085 925 1114 967 l.
1145 926 1198 977 c.)
1229 923 1427 966 efficitur.

397 995 494 1038 Hac
522 1009 619 1038 mea
647 995 940 1052 etymologica
972 996 1265 1053 explicatione
1290 995 1345 1037 ad
1369 996 1498 1038 finem
1517 995 1725 1052 perducta

267 1067 420 1112 Curtio
451 1067 649 1110 assentiri
681 1083 767 1111 non
796 1082 970 1126 possum
1001 1069 1072 1123 (cf.
1100 1084 1142 1126 p.
1159 1068 1273 1122 344),
1316 1067 1388 1124 qui
1431 1066 1479 1121 ἕξ
1517 1082 1575 1110 ex
1617 1068 1730 1110 anti-

265 1138 418 1197 quiore
449 1137 496 1182 ἒκ
527 1144 669 1182 ortum
710 1153 804 1182 esse
850 1139 991 1194 docet,
1038 1153 1180 1198 neque
1222 1138 1576 1195 dubitationibus,
1621 1152 1729 1197 quae

265 1211 459 1253 Pottium
489 1211 578 1264 (Et,
606 1212 818 1266 Forschg.
837 1212 987 1265 1,613)
1024 1218 1214 1264 movent,
1254 1212 1482 1267 quominus
1510 1212 1622 1254 hano
1652 1226 1731 1254 ex-

266 1282 546 1341 plicationem
575 1288 761 1338 teneam,
789 1282 1012 1341 prohiberi
1044 1298 1233 1341 possum.

397 1354 564 1409 Quodsi
592 1355 669 1397 ille
700 1355 782 1397 Vir
814 1355 1086 1398 doctissimus
1126 1355 1251 1397 dicit:
1312 1354 1438 1396 Dea-n
1475 1355 1728 1411 znqeqeben,

265 1426 344 1469 das
374 1427 418 1482 h,
458 1427 636 1469 welches
679 1428 748 1468 ein
782 1428 939 1469 &lteres
968 1444 987 1470 s
1014 1436 1298 1482 voraussetzt,
1341 1429 1407 1469 sei
1444 1428 1500 1469 im
1535 1426 1728 1471 Griechi-

262 1498 403 1555 seben,
437 1500 518 1541 wie
544 1500 591 1541 in
620 1497 670 1552 ἕξ
698 1499 771 1543 lat.
793 1513 874 1542 sex
889 1498 1218 1557 weyyeblieben,
1247 1500 1328 1541 wie
1347 1498 1475 1540 sollte
1493 1498 1570 1541 das
1594 1498 1729 1541 haben

262 1573 321 1613 im
372 1570 679 1613 Grieehiscken
722 1570 959 1627 yesckehen
1004 1569 1207 1612 homnem?
1257 1584 1339 1626 ego
1379 1569 1639 1628 respondeo,
1682 1570 1727 1613 in

265 1643 518 1702 quaestione
552 1642 607 1685 de
638 1642 809 1700 origine
836 1642 1206 1701 praepositionum
1236 1641 1282 1685 in
1328 1656 1564 1700 earumque
1606 1657 1727 1686 com-

263 1716 492 1773 paratione
521 1716 772 1773 saepissime
803 1716 973 1758 diversa
999 1715 1223 1758 literarum
1252 1714 1589 1758 commutatione
1638 1730 1725 1757 ma·

262 1803 372 1844 gnas
403 1788 594 1830 existere
622 1787 917 1842 difficultates,
947 1802 1056 1843 quae
1087 1794 1232 1830 tamen
1261 1802 1341 1830 nos
1361 1802 1449 1830 non
1470 1786 1726 1844 impediunt,

263 1859 368 1918 quin
396 1873 546 1902 earum
576 1860 942 1916 comparationem
982 1874 1129 1902 veram
1173 1873 1268 1902 esse
1310 1865 1558 1902 statuamus.
1634 1858 1725 1911 Sic,

261 1937 310 1975 ut
329 1932 576 1989 exemplum
596 1931 788 1985 afferam,
803 1936 848 1974 in
866 1932 1016 1987 lingua
1033 1931 1291 1974 sanskritica
1318 1931 1457 1989 „upa“
1488 1931 1609 1974 iuxta
1629 1931 1726 1974 lati-

260 2018 365 2047 num
397 2004 545 2057 „sub,“
594 2003 761 2060 (graec.
789 1999 898 2059 ὖπό)
941 2003 1199 2058 invenimus,
1242 2004 1317 2046 ubi
1356 2003 1480 2045 nobis
1509 2003 1725 2045 maximae

265 2082 329 2119 est
360 2076 608 2132 offensioni,
635 2077 750 2134 quod
766 2076 1033 2134 praepositio
1050 2076 1309 2120 sanskritica
1340 2076 1478 2134 „upa“
1496 2075 1623 2118 litera
1641 2074 1725 2118 ini-

261 2148 352 2191 tiali
368 2149 442 2205 „s‘
458 2155 599 2204 caret3
630 2149 707 2191 sed
736 2149 872 2192 nihilo
901 2149 1043 2192 minus
1064 2150 1245 2207 stirpem
1262 2149 1414 2191 harum
1436 2148 1728 2207 praepositio-

262 2235 368 2263 num
380 2220 562 2262 eandem
581 2235 675 2263 esse
686 2221 964 2264 firmavimus.
995 2220 1187 2264 Omnino
1206 2220 1252 2262 in
1268 2221 1347 2262 hac
1364 2225 1453 2262 tota
1469 2220 1723 2276 quaestione

261 2290 518 2333 sententiam
549 2292 862 2349 amplectamur
894 2306 1072 2335 necesse
1102 2298 1182 2346 est,
1214 2306 1344 2347 quam
1373 2291 1551 2335 Curtius
1581 2305 1623 2347 p.
1639 2291 1718 2333 76:

260 2363 464 2420 protulit:
496 2362 629 2418 „Man
661 2362 774 2419 darf
798 2364 912 2406 diese
944 2364 1117 2405 kleinen
1148 2363 1571 2418 wzselbststdindiqen
1588 2362 1722 2405 Wart-

261 2434 367 2476 chen
386 2433 503 2476 m‘clet
524 2436 602 2475 mit
625 2434 861 2477 demsecben
882 2434 1120 2477 Massstabe
1138 2450 1316 2486 messere,
1339 2436 1419 2476 wie
1434 2434 1622 2477 Nomina
1636 2435 1728 2476 und

262 2505 449 2549 Verba.“
480 2505 718 2548 Praeterea
743 2512 889 2549 autem
918 2506 1033 2549 idem
1065 2513 1383 2562 argumentum,
1417 2506 1532 2562 quod
1551 2507 1721 2550 Pottius

260 2577 443 2635 profert,
469 2576 524 2618 ad
555 2577 867 2619 derivationem
903 2592 926 2619 e
955 2577 1137 2619 zendico
1167 2579 1321 2633 „haca“
1348 2577 1636 2632 refutandam,
1665 2577 1721 2620 ad

259 2662 356 2692 eam
374 2648 684 2705 quaestionem,
703 2663 832 2704 quam
859 2648 954 2704 ipse
984 2648 1038 2690 de
1068 2648 1237 2703 origine
1265 2648 1384 2691 vocis
1411 2647 1459 2691 ἐκ
1475 2664 1518 2706 p.
1534 2648 1616 2690 612
1654 2647 1722 2690 in-

260 2719 414 2775 stituit,
433 2720 673 2764 transferre
690 2734 930 2777 possumus.
963 2719 1075 2764 Cum
1116 2720 1229 2763 enim
1268 2720 1347 2774 „v“
1375 2720 1422 2762 in
1463 2720 1613 2777 lingua
1636 2720 1719 2762 La·

258 2793 362 2849 tina,
391 2799 497 2848 tum,
528 2807 627 2836 cum
657 2793 811 2836 literae
846 2792 1021 2836 initialis
1050 2793 1144 2835 vice
1176 2793 1387 2848 fungitur,
1422 2798 1586 2835 tantum
1617 2798 1717 2835 ante
