1984 3332
416 939 589 983 Nomen
613 932 744 992 Ἴλιος
772 939 818 982 in
848 954 1076 983 numerum
1106 955 1251 984 earum
1297 957 1451 985 vocum
1493 957 1588 987 esse
1627 942 1740 987 redi-

286 1012 496 1068 gendum,
526 1026 635 1069 quae
665 1011 778 1070 apud
809 1011 1048 1054 Homerum
1092 1012 1310 1069 digammo
1340 1022 1463 1057 erant
1489 1015 1741 1071 instructae,

286 1084 371 1126 iam
417 1083 735 1126 intellexerunt
770 1099 921 1126 omnes
967 1084 1048 1126 viri
1094 1085 1226 1140 docti,
1274 1087 1346 1142 qui
1393 1087 1448 1130 de
1490 1088 1572 1131 hac
1612 1089 1739 1132 litera

288 1154 469 1213 spiranti
500 1155 680 1211 eiusque
715 1170 794 1198 usu
831 1154 876 1198 in
896 1155 1160 1200 carminibus
1175 1157 1422 1202 Homericis
1443 1159 1740 1216 quaestionem

286 1226 579 1282 instituerunt,
622 1244 720 1270 cum
766 1228 819 1270 ad
862 1229 1035 1271 literam
1066 1230 1290 1272 Aeolicam
1338 1232 1645 1287 confugerent,
1689 1238 1740 1273 ut

288 1300 491 1344 metricas
522 1299 814 1355 difficultates,
846 1314 953 1344 voce
970 1293 1104 1352 Ἴλιος
1133 1307 1263 1357 ortas,
1290 1307 1599 1353 removerent.v
1663 1300 1738 1346 Sic

288 1372 577 1415 Hoffmannus
621 1372 933 1427 (Quaestiones
978 1372 1241 1415 Homericae
1279 1374 1340 1416 ΙΙ.
1380 1373 1453 1428 28)
1496 1380 1540 1416 et
1582 1375 1740 1417 Peters

239 1453 243 1458 '
288 1443 597 1499 (Quaestiones
628 1443 948 1500 etymologicae
980 1450 1023 1486 et
1049 1444 1359 1500 grammaticae
1399 1444 1453 1487 de
1495 1460 1575 1487 usu
1624 1451 1668 1488 et
1696 1446 1739 1487 vi

291 1516 566 1572 digammatis
622 1515 799 1572 eiusque
848 1515 1218 1558 immutationibus
1266 1503 1317 1558 in
1366 1516 1517 1572 lingua
1567 1516 1740 1560 Graeca

290 1587 583 1642 Berol.¹1864)
614 1603 656 1644 p.
673 1588 729 1631 20
758 1588 796 1631 F
838 1588 1001 1631 nomini
1018 1581 1152 1639 Ἴλιος
1179 1588 1439 1643 tribuerunt,
1466 1594 1596 1645 atque
1622 1588 1737 1631 Bek-

288 1659 420 1701 kerus
449 1659 494 1702 in
532 1659 666 1701 altera
712 1659 949 1701 carminum
981 1659 1316 1703 Homericorum
1361 1659 1634 1715 recensione,
1677 1659 1741 1702 di-

288 1744 473 1786 gamma,
505 1746 590 1787 quo
610 1724 753 1782 Ἴλιος
781 1732 1001 1785 instruxit,
1029 1732 1074 1775 in
1108 1738 1277 1774 textum
1310 1732 1487 1789 recepit.
1517 1731 1610 1775 Sed
1640 1748 1738 1774 cum

288 1819 312 1846 e
343 1803 591 1860 linguarum
623 1810 908 1860 cognatarum
939 1804 1263 1862 comparatione
1293 1803 1488 1847 nondum
1504 1804 1637 1847 allata
1651 1803 1738 1847 sint

288 1875 440 1930 gravia
472 1881 740 1931 argumenta,
776 1876 931 1931 quibus
963 1876 1180 1918 sententia
1211 1889 1376 1929 eorum,
1415 1876 1488 1931 qui
1520 1875 1739 1931 digamma

289 1946 388 1989 huic
420 1946 517 1989 voci
548 1947 728 1990 infuisse
760 1947 924 2002 dicunt,
952 1947 1164 1999 firmetur,
1196 1948 1250 1990 de
1277 1947 1403 1989 huius
1434 1947 1622 1990 nominis
1652 1948 1737 1990 ori·

288 2018 392 2074 gine
426 2025 623 2060 accurate
654 2033 786 2074 agere
834 2018 937 2060 mihi
980 2019 1133 2072 liceat3
1181 2025 1352 2061 constat
1382 2018 1521 2073 enim,
1564 2019 1736 2061 literam

287 2091 538 2148 spirantem,
571 2105 682 2146 quae
714 2097 779 2133 est
807 2091 991 2145 labialis,
1018 2097 1117 2133 tum*
1144 2091 1317 2133 demum
1349 2091 1394 2132 in
1424 2091 1549 2133 initio
1580 2106 1737 2134 vocum

287 2162 446 2205 iustum
477 2178 527 2205 ac
561 2170 724 2205 eertum
753 2163 895 2205 locum
926 2163 1139 2218 obtinere,
1185 2179 1281 2205 cum
1310 2170 1582 2219 argumenta,
1629 2179 1740 2220 quae

287 2251 311 2278 e
340 2251 388 2278 re
419 2235 594 2278 metrica
623 2236 808 2292 repetita
836 2236 939 2280 huic
969 2236 1124 2278 literae
1154 2236 1313 2291 favent,
1345 2236 1615 2279 derivatione
1646 2243 1739 2294 ety-

288 2307 515 2362 mologica,
546 2307 709 2363 linguis
740 2309 937 2363 cognatis
965 2308 1267 2363 adiuvantibus
1298 2307 1624 2350 confirmentur·

265 2434 268 2436 .
418 2379 467 2422 Si
493 2379 701 2422 rationem
735 2380 944 2423 habemus
974 2380 1038 2422 rei
1068 2380 1287 2431 metricae,
1334 2379 1471 2435 qualis
1514 2386 1579 2422 est
1621 2379 1738 2436 apud

287 2449 540 2504 Homerum,
590 2451 750 2493 multae
781 2458 930 2494 extant
960 2465 1128 2506 causae,
1177 2466 1287 2508 quae
1331 2465 1410 2494 nos
1434 2456 1639 2505 movent,
1690 2457 1738 2493 ut

288 2536 440 2564 vocem
459 2515 593 2573 Ἴλιος
619 2538 643 2564 a
673 2523 800 2566 litera
816 2524 994 2581 spiranti
1016 2524 1290 2567 inchoavisse
1307 2530 1556 2566 statuamus.
1586 2524 1739 2567 Efficit

288 2594 402 2637 enim
432 2594 515 2636 hoc
548 2607 719 2648 nomen,
765 2596 883 2651 quod
923 2596 969 2638 in
997 2596 1139 2638 Iliade
1182 2603 1352 2638 centum
1394 2595 1584 2652 quinque
1629 2596 1739 2639 locis

288 2668 466 2723 legitur,
508 2668 552 2708 in
600 2667 688 2709 fine
735 2668 859 2724 podis
898 2669 1015 2711 tertii
1044 2669 1177 2712 vicies
1206 2669 1385 2723 hiatum,
1431 2669 1504 2727 qui
1549 2684 1638 2712 non
1681 2683 1737 2712 ex

287 2740 381 2797 ipsa
409 2753 561 2781 versus
577 2738 680 2780 sede
699 2739 853 2782 iustam
871 2741 1136 2784 nanciscitur
1153 2742 1494 2792 excusationem,
1527 2741 1585 2783 cf.
1604 2741 1738 2795 προτὶ

1452 2814 1470 2855 1
