1984 3332
973 174 1053 216 116

296 301 340 338 et
364 299 415 338 Χ
425 295 523 351 327,
551 309 694 352 neque
721 295 876 349 hiatus,
905 308 1033 350 quem
1062 294 1323 352 pronomina
1354 291 1381 338 δ’
1404 300 1447 338 et
1462 291 1515 339 τό
1545 296 1751 351 efficiunt,
1809 350 1811 352 r

292 366 574 412 excusatione
605 375 768 412 carent.

423 440 493 484 Ex
522 441 604 484 hac
633 440 926 498 disputatione
959 439 1013 482 de
1041 439 1085 481 vi
1127 444 1256 496 atque
1292 439 1548 483 auctoritate
1589 440 1751 484 vocalis

293 530 318 558 o
349 514 547 557 instituta
577 512 802 571 perlucide
839 519 1034 572 apparet,
1073 512 1202 556 etiam
1237 527 1261 556 e
1297 511 1557 556 carminibus
1585 512 1753 556 Home-

293 585 394 628 ricis
424 585 574 641 gravia
606 591 863 642 argumenta
890 585 1031 643 repeti
1065 597 1208 642 posse,
1238 598 1346 642 quae
1366 598 1459 627 eam
1479 583 1751 636 sententiam,

293 672 420 714 quam
452 673 582 715 supra
617 657 892 715 protulimus,
921 657 1090 700 literam
1119 673 1158 712 o,
1196 657 1230 699 si
1262 656 1306 700 in
1337 657 1423 700 fine
1449 671 1605 700 vocum
1632 656 1775 700 inve»

288 729 418 784 nitur,
460 736 533 772 aut
564 744 619 772 ex
651 741 727 772 a÷
746 746 781 784 s,
826 735 901 772 aut
932 744 987 772 ex
1021 741 1097 773 a÷
1121 734 1152 782 t,
1193 735 1266 771 aut
1304 742 1360 772 ex
1390 729 1497 776 a÷i
1536 728 1751 786 prodiisse

287 815 437 844 veram
466 816 562 845 esse
592 801 840 844 ostendunt.

422 873 515 915 Iam
547 872 602 915 de
633 878 785 915 natura
813 873 1007 916 firmiore
1036 873 1198 917 vocalis
1229 873 1319 928 „a‚“
1352 886 1478 930 quam
1498 872 1747 930 saepissime

290 946 336 988 in
367 945 484 987 hiatu
516 945 701 1001 positam
732 945 993 999 invenimus,
1023 951 1223 988 accurate
1256 960 1433 1000 agamus
1463 959 1641 988 necesse
1670 951 1749 989 est.
1982 995 1984 998 ¹

291 1015 487 1058 Primum
518 1015 707 1057 animum
737 1015 1015 1057 advortamus
1045 1015 1096 1058 ad
1125 1015 1233 1057 illud
1263 1017 1354 1071 „a,“
1385 1015 1499 1070 quod
1519 1015 1751 1058 adhibetur
1922 1045 1925 1047 -

292 1087 345 1130 ad
375 1087 692 1130 nominativum
726 1094 768 1130 et
798 1088 1090 1130 accusativum
1121 1102 1266 1130 earum
1298 1103 1468 1142 vocum,
1510 1102 1620 1144 quae
1650 1094 1751 1130 sunt
1971 1023 1984 1175 1

290 1158 489 1203 neutrius
518 1159 709 1215 generis,
740 1157 1027 1203 formandum.

419 1231 539 1274 Illud
571 1248 595 1273 a.
619 1231 782 1273 hiatum
813 1231 946 1274 efficit
975 1232 1019 1273 in
1038 1247 1217 1274 caesura
1235 1233 1456 1275 trochaica
1470 1233 1595 1288 pedis
1611 1234 1749 1275 tertii:

290 1303 344 1346 ef.
376 1301 579 1345 Hoffm.I
613 1317 654 1360 p.
668 1301 735 1344 88.

689 1374 820 1417 Λ88.
876 1370 1032 1429 μακρά,
1061 1367 1177 1425 ἅδος.

685 1445 729 1493 Ξ
745 1446 784 1489 6.
869 1444 1026 1501 λοετρὰ
1054 1440 1340 1502 εὐπλόκαμος.

693 1519 839 1561 Ψ533.
872 1514 981 1560 καλὰ
1007 1514 1206 1562 ἐλαύνων.

684 1590 831 1633 Ω733.
864 1588 967 1645 ἔργα
994 1585 1179 1634 ἆπεικέα.

425 1662 528 1705 Non
578 1661 741 1715 dubito,
783 1661 887 1719 quin
930 1662 1017 1704 huc
1062 1662 1321 1704 referendus
1362 1663 1417 1705 sit
1459 1663 1749 1720 superlativus

293 1732 543 1791 „pcdltovaf‘
575 1735 661 1790 qui,
691 1749 788 1776 cum
817 1733 1015 1776 adverbii
1037 1748 1217 1778 munere
1237 1734 1459 1791 fungatur,
1482 1736 1752 1779 accusativus

293 1808 478 1864 pluralis
510 1806 704 1849 neutrius
735 1807 911 1861 generis
942 1806 1253 1849 existimandus
1287 1814 1365 1850 est.
1396 1809 1452 1849 cf.

687 1879 729 1919 Δ
743 1877 809 1919 96.
837 1873 1024 1931 μάλιστα
1052 1872 1347 1934 Ἀλεξάνδρῳ.

428 1951 478 1993 In
512 1950 599 1992 fine
625 1948 749 2005 pedis
781 1949 925 2004 quarti
953 1949 1065 1992 hanc
1098 1949 1446 1992 terminationem
1467 1950 1627 1992 hiatum
1660 1950 1749 1994 effi-

290 2023 475 2064 cientem
511 2020 779 2064 invenimus:
806 2020 860 2062 cf.
890 2020 1054 2062 Hoffm.
1078 2021 1099 2062 1
1126 2035 1167 2077 p.
1182 2021 1250 2063 90.

689 2094 727 2133 E
754 2091 848 2134 568.
881 2089 1006 2146 ἔγχεα
1034 2086 1253 2144 ὀξυόεντα.

697 2165 734 2203 Y
756 2162 846 2204 170.
876 2157 994 2214 ἴσχια
1022 2157 1356 2219 ἀμφοτέρωθεν.

699 2232 847 2275 Ψ465.
875 2232 984 2289 ἠνία,
1015 2226 1128 2275 οὐδὲ.
1968 2291 1971 2292 ⁷

293 2308 449 2366 Neque
467 2307 593 2349 aliter
619 2319 688 2348 res
718 2320 764 2348 se
795 2306 924 2348 habet
954 2305 998 2348 in
1025 2306 1135 2348 thesi
1167 2306 1291 2363 pedis
1323 2306 1473 2363 primi:
1506 2308 1563 2349 cf.
1586 2306 1748 2350 Hoffm.
1952 2311 1984 2403 1

289 2382 312 2423 I
344 2396 387 2438 p.
417 2380 485 2421 91.

689 2454 741 2492 Π
749 2450 845 2492 404.
875 2446 984 2506 ἡνία,
1016 2445 1245 2506 ἠΐχθησαν.

691 2524 728 2564 E
751 2520 843 2564 723.
872 2518 1030 2575 χάλκεα
1058 2515 1313 2579 ὀκτάκνημα.

687 2597 736 2634 Χ
746 2593 841 2635 260.
872 2589 997 2647 ὅρκια
1029 2591 1241 2637 ἔσσονται.

422 2665 545 2708 Idem
577 2670 642 2707 est
671 2665 716 2707 in
747 2679 929 2708 caesura
960 2665 1175 2709 trochaica
1217 2666 1341 2725 pedis
1384 2667 1538 2724 primi:
1592 2670 1633 2708 T
1658 2667 1749 2710 194.

290 2739 411 2795 δῶρα
440 2737 561 2794 ἐμῆς.
1485 2744 1499 2753 “
