1984 3332
927 191 1007 233 133

333 316 372 355 Β
391 313 470 356 165

387 390 462 433 181

366 462 415 508 Si
454 461 786 514 consideramus,
829 460 943 503 hunc
987 474 1159 503 versum
1199 474 1251 502 eo
1298 465 1501 517 tempore
1549 465 1691 502 ortum

235 546 344 589 esse,
388 534 461 577 ubi
506 533 633 576 litera
673 532 845 575 initialis
889 532 966 587 „s“
1006 532 1051 575 in
1097 528 1172 584 ἅλς
1211 532 1300 575 vim
1337 547 1456 574 suam
1499 531 1691 575 nondum

237 619 413 662 prorsus
445 605 649 647 amiserat
679 603 733 646 cf.
763 619 805 660 p.
818 604 884 656 77,
915 617 1000 645 non
1031 609 1110 657 est,
1138 603 1260 659 quod
1296 604 1516 654 miremur,
1559 603 1689 646 etiam

234 676 428 721 vocalem
459 691 480 718 ε
509 674 555 716 in
583 674 666 717 hoc
697 687 825 715 versu
855 673 1091 716 firmiorem
1116 680 1314 717 naturam
1344 687 1553 718 servasse.

364 747 476 791 Tum
507 746 591 789 huc
618 746 776 788 refero:

693 821 720 860 I
732 818 825 862 319.
856 818 901 861 ἒν
932 817 980 861 δὲ
1006 814 1052 876 ἷῇ
1081 819 1184 875 τιμῇ

233 889 279 935 ici
314 891 532 947 digammo
565 904 653 933 non
682 897 774 933 erat
808 890 1081 934 instructum.
1161 889 1272 934 Cum
1306 890 1422 933 enim
1454 906 1584 947 supra
1612 891 1687 934 de—

232 962 621 1016 monstraverimus,
663 961 742 1016 μία
782 976 805 1004 e
844 961 977 1016 σαμία
1017 968 1158 1003 ortum
1193 976 1288 1004 esse
1324 962 1398 1016 (cf.
1426 978 1467 1018 p.
1487 963 1573 1016 79),
1607 964 1686 1005 illa

233 1034 459 1088 sententia,
490 1048 616 1090 quam
650 1034 688 1077 ei
717 1034 1049 1092 amplectuntur,
1084 1033 1156 1089 qui
1182 1033 1260 1088 μία
1279 1047 1302 1076 e
1330 1034 1414 1085 fla,
1450 1034 1573 1077 cuius
1604 1035 1688 1077 for·

233 1119 328 1148 mae
359 1105 575 1161 digamma
606 1105 725 1147 nullo
757 1105 884 1147 modo
915 1105 1129 1147 firmatum
1160 1111 1237 1155 est,
1268 1106 1483 1161 originem
1509 1106 1688 1149 duxisse

233 1176 394 1232 dicunt,
425 1182 543 1220 certo
574 1182 695 1220 caret
723 1176 1002 1220 fundamento
1031 1176 1085 1219 cf.
1116 1176 1167 1220 L.
1195 1176 1371 1232 Meyer:
1420 1177 1476 1220 K.
1507 1178 1555 1221 Z.
1577 1178 1687 1221 VIII

232 1262 272 1305 p.
311 1249 400 1293 139.

362 1320 653 1375 Quamobrem
681 1322 866 1380 probare
900 1336 988 1365 non
1016 1336 1193 1379 possum
1220 1322 1420 1365 Pohlium
1457 1337 1499 1379 p.
1520 1324 1569 1366 16
1601 1323 1628 1365 l.
1648 1338 1684 1367 c.

231 1400 274 1438 et
305 1394 660 1450 Savelsbergium
689 1395 716 1437 l.
733 1410 770 1437 c.
801 1409 887 1451 prs.
905 1394 954 1437 II
975 1410 1017 1452 p.
1033 1395 1100 1446 31,
1133 1394 1206 1450 qui
1224 1395 1308 1437 viri
1342 1395 1454 1438 docti
1485 1391 1531 1438 ἰὰ
1559 1395 1686 1437 litera

231 1466 408 1509 Aeolica
434 1466 691 1509 instructum
718 1466 921 1509 offerunt.

361 1538 516 1582 Hiatus
548 1538 724 1581 illicitus
754 1544 897 1581 extat:
929 1538 983 1581 cf.
1016 1537 1177 1581 Hoffm.
1197 1538 1218 1579 I
1247 1554 1289 1595 p.
1307 1538 1373 1581 93.

288 1613 290 1615 ’
338 1629 375 1668 E
399 1626 492 1668 310.

337 1702 493 1746 A356.
514 1746 520 1758 ,

339 1776 380 1818 Ω
399 1775 493 1818 528.
532 1771 686 1830 δώρων
713 1769 788 1818 οἷα
815 1774 979 1826 δίδωσι,
1011 1777 1165 1828 κακῶν,
1195 1773 1343 1831 ἕτερος
1372 1776 1420 1819 δὲ
1448 1773 1572 1820 ἐάων.

508 343 620 412 μηδῖ,ἔ
652 352 704 398 ἔα
733 356 835 411 νῆᾶς
862 349 981 396 ἅλαδ’
1012 350 1188 407 ἑλκέμεν
1215 347 1515 410 ἀμφιελίσσας.

537 1664 657 1721 γαίης
686 1659 800 1723 ἀμφὶ
829 1664 877 1708 δὲ
908 1657 1011 1708 ὄσσε
1040 1662 1211 1722 κελαινὴ
1240 1662 1317 1719 νύξ
1351 1662 1565 1721 ἐκάλυψεν

358 1863 580 1906 Postremo
611 1864 695 1906 huc
722 1864 1003 1906 referendum
1044 1878 1141 1907 esse
1182 1872 1285 1922 puto
1326 1865 1373 1908 δε
1412 1865 1685 1909 demonstra-

227 1935 376 1990 tivum,
408 1935 523 1992 quod
558 1935 720 1979 hiatum
751 1936 949 1979 effecisse
980 1935 1153 1979 videtur
1182 1937 1227 1979 in
1255 1952 1434 1980 caesura
1464 1937 1683 1981 trochaica

227 2005 351 2064 pedis
383 2007 522 2050 tertii:

469 2095 615 2138 1'442.
646 2085 731 2138 ὦδε
760 2093 872 2151 ἔρως
901 2096 1117 2150 (Bekker:
1145 2087 1231 2140 ὦδε
1261 2099 1295 2152 γ’
1335 2096 1478 2153 ἔρως).

226 2182 380 2225 Hiatus
409 2183 584 2226 illicitus
615 2189 756 2226 extat:
839 2179 842 2181 v

467 2271 581 2316 Γ46.
610 2263 638 2328 ἧ
666 2267 833 2324 τοιόςδε
862 2268 945 2315 ἐών
972 2272 1027 2316 cf.
1057 2272 1114 2333 Η.
1132 2272 1153 2315 I
1185 2288 1226 2331 p.
1243 2273 1312 2315 92.

224 2357 272 2402 δὲ
304 2359 622 2403 adversativum
651 2360 909 2419 productum
938 2360 1167 2404 habemus:
1296 2360 1303 2370 ⁸

355 2448 511 2491 A378.
541 2472 595 2478 -
626 2445 650 2491 ὁ
681 2439 730 2491 δὲ
758 2445 873 2503 μάλα
900 2446 1006 2505 πηδὺ
1029 2446 1236 2504 γελάσσας

360 2520 397 2561 Ο
415 2519 509 2562 478.
545 2513 604 2570 ὣς
633 2516 744 2577 φάθ’
777 2516 801 2563 ὅ
830 2510 880 2563 δὲ
907 2516 1035 2573 τόξον

356 2590 507 2632 Π373.
544 2590 690 2645 Τρωσὶ
720 2587 829 2633 κακοὶ
861 2590 1070 2648 φρονέων.
1100 2588 1143 2634 οἶ
1168 2582 1217 2635 δὲ
1247 2594 1401 2649 πια-αχῆ
1419 2590 1599 2650 τεφόβῳ
1617 2610 1678 2636 τε.

225 2693 331 2735 quas
361 2678 670 2735 productiones
700 2678 991 2723 Hoffmannus
1024 2681 1048 2723 I
1076 2695 1118 2737 p.
1138 2681 1217 2724 163
1255 2681 1301 2725 in
1339 2696 1567 2725 numerum
1598 2682 1675 2725 du-

222 2749 385 2793 riorum
416 2749 588 2807 redigit.
