<?xml version="1.0" encoding="UTF-8"?>
<!DOCTYPE html PUBLIC "-//W3C//DTD XHTML 1.0 Transitional//EN"
    "http://www.w3.org/TR/xhtml1/DTD/xhtml1-transitional.dtd">
<html xmlns="http://www.w3.org/1999/xhtml" xml:lang="en" lang="en">
 <head>
  <title>
</title>
<meta http-equiv="Content-Type" content="text/html;charset=utf-8" />
  <meta name='ocr-system' content='tesseract 3.04.00' />
  <meta name='ocr-capabilities' content='ocr_page ocr_carea ocr_par ocr_line ocrx_word'/>
</head>
<body>
  <div class='ocr_page' id='page_1' title='image "4626079_0128.png"; bbox 0 0 1984 3332; ppageno 0'>
   <div class='ocr_carea' id='block_1_1' title="bbox 0 0 170 1140">
    <p class='ocr_par' dir='ltr' id='par_1_1' title="bbox 0 0 170 1140">
     <span class='ocr_line' id='line_1_1' title="bbox 0 0 170 1140; baseline 0 0"><span class='ocrx_word' id='word_1_1' title='bbox 0 0 170 1140; x_wconf 95' lang='lat' dir='ltr'><strong> </strong></span> 
     </span>
    </p>
   </div>
   <div class='ocr_carea' id='block_1_2' title="bbox 945 160 1024 203">
    <p class='ocr_par' dir='ltr' id='par_1_2' title="bbox 945 160 1024 203">
     <span class='ocr_line' id='line_1_2' title="bbox 945 160 1024 203; baseline 0.013 -1"><span class='ocrx_word' id='word_1_2' title='bbox 945 160 1024 203; x_wconf 90' lang='grc'><strong>117</strong></span> 
     </span>
    </p>
   </div>
   <div class='ocr_carea' id='block_1_3' title="bbox 244 283 1713 2793">
    <p class='ocr_par' dir='ltr' id='par_1_3' title="bbox 367 283 1713 1279">
     <span class='ocr_line' id='line_1_3' title="bbox 367 283 1713 340; baseline 0.001 -14"><span class='ocrx_word' id='word_1_3' title='bbox 367 283 418 327; x_wconf 92' lang='lat' dir='ltr'><strong>In</strong></span> <span class='ocrx_word' id='word_1_4' title='bbox 430 283 548 327; x_wconf 83' lang='lat' dir='ltr'><strong>hiatu</strong></span> <span class='ocrx_word' id='word_1_5' title='bbox 561 283 712 327; x_wconf 83' lang='lat' dir='ltr'><strong>illicito</strong></span> <span class='ocrx_word' id='word_1_6' title='bbox 725 284 833 327; x_wconf 86' lang='lat' dir='ltr'><strong>haec</strong></span> <span class='ocrx_word' id='word_1_7' title='bbox 845 283 1316 328; x_wconf 84' lang='lat' dir='ltr'><strong>terminatioinvenitur</strong></span> <span class='ocrx_word' id='word_1_8' title='bbox 1329 299 1340 327; x_wconf 91' lang='lat'><strong>:</strong></span> <span class='ocrx_word' id='word_1_9' title='bbox 1357 285 1411 328; x_wconf 87' lang='lat' dir='ltr'><strong>cf.</strong></span> <span class='ocrx_word' id='word_1_10' title='bbox 1428 284 1631 340; x_wconf 86' lang='lat' dir='ltr'><strong>Hoffm.I,</strong></span> <span class='ocrx_word' id='word_1_11' title='bbox 1644 284 1713 328; x_wconf 90' lang='grc'><strong>92.</strong></span> 
     </span>
     <span class='ocr_line' id='line_1_4' title="bbox 454 349 1383 414; baseline 0.002 -15"><span class='ocrx_word' id='word_1_12' title='bbox 454 359 503 399; x_wconf 92' lang='grc' dir='ltr'><strong><em>Ν</em></strong></span> <span class='ocrx_word' id='word_1_13' title='bbox 517 355 584 400; x_wconf 90' lang='grc'><strong>22.</strong></span> <span class='ocrx_word' id='word_1_14' title='bbox 640 349 813 414; x_wconf 74' lang='grc' dir='ltr'><strong><em>ἄφθιτα</em></strong></span> <span class='ocrx_word' id='word_1_15' title='bbox 838 354 925 401; x_wconf 79' lang='grc' dir='ltr'><strong><em>αἰεί</em></strong></span> <span class='ocrx_word' id='word_1_16' title='bbox 955 356 1071 413; x_wconf 88' lang='lat' dir='ltr'><strong>(finis</strong></span> <span class='ocrx_word' id='word_1_17' title='bbox 1104 363 1169 399; x_wconf 90' lang='lat' dir='ltr'><strong>est</strong></span> <span class='ocrx_word' id='word_1_18' title='bbox 1199 358 1383 414; x_wconf 89' lang='lat' dir='ltr'><strong>versus).</strong></span> 
     </span>
     <span class='ocr_line' id='line_1_5' title="bbox 454 420 1476 486; baseline 0.003 -16"><span class='ocrx_word' id='word_1_19' title='bbox 454 430 493 471; x_wconf 85' lang='grc' dir='ltr'><em>Σ</em></span> <span class='ocrx_word' id='word_1_20' title='bbox 515 428 556 471; x_wconf 93' lang='grc'><strong>4.</strong></span> <span class='ocrx_word' id='word_1_21' title='bbox 640 428 922 484; x_wconf 81' lang='grc' dir='ltr'><strong><em>τετελεσμένα</em></strong></span> <span class='ocrx_word' id='word_1_22' title='bbox 951 420 1029 486; x_wconf 75' lang='grc' dir='ltr'><strong>ἦεν</strong></span> <span class='ocrx_word' id='word_1_23' title='bbox 1058 428 1172 486; x_wconf 88' lang='lat' dir='ltr'><strong>(finis</strong></span> <span class='ocrx_word' id='word_1_24' title='bbox 1202 435 1268 472; x_wconf 86' lang='lat' dir='ltr'><strong>est</strong></span> <span class='ocrx_word' id='word_1_25' title='bbox 1296 434 1476 482; x_wconf 86' lang='lat' dir='ltr'><strong>versus).</strong></span> 
     </span>
     <span class='ocr_line' id='line_1_6' title="bbox 453 494 1514 556; baseline 0.002 -13"><span class='ocrx_word' id='word_1_26' title='bbox 453 504 493 543; x_wconf 93' lang='lat' dir='ltr'><em>B</em></span> <span class='ocrx_word' id='word_1_27' title='bbox 515 500 581 543; x_wconf 84' lang='lat'><strong>87.</strong></span> <span class='ocrx_word' id='word_1_28' title='bbox 641 494 744 556; x_wconf 75' lang='grc' dir='ltr'><strong><em>η’ὗτε</em></strong></span> <span class='ocrx_word' id='word_1_29' title='bbox 775 498 910 544; x_wconf 73' lang='grc' dir='ltr'><strong><em>ἔθνεα</em></strong></span> <span class='ocrx_word' id='word_1_30' title='bbox 939 495 1027 544; x_wconf 73' lang='grc' dir='ltr'><strong><em>εἶσι</em></strong></span> <span class='ocrx_word' id='word_1_31' title='bbox 1054 497 1300 556; x_wconf 79' lang='grc' dir='ltr'><strong><em>μελισσάων</em></strong></span> <span class='ocrx_word' id='word_1_32' title='bbox 1315 496 1514 545; x_wconf 82' lang='grc' dir='ltr'><strong>ἆδινάων.</strong></span> 
     </span>
     <span class='ocr_line' id='line_1_7' title="bbox 450 565 1439 628; baseline -0.001 -13"><span class='ocrx_word' id='word_1_33' title='bbox 450 574 502 615; x_wconf 84' lang='lat' dir='ltr'><em>A</em></span> <span class='ocrx_word' id='word_1_34' title='bbox 511 571 607 615; x_wconf 82' lang='lat'><strong>678.</strong></span> <span class='ocrx_word' id='word_1_35' title='bbox 632 567 759 615; x_wconf 83' lang='grc' dir='ltr'><em>πώεα</em></span> <span class='ocrx_word' id='word_1_36' title='bbox 786 565 892 615; x_wconf 79' lang='grc' dir='ltr'><strong>ὄιῶν</strong></span> <span class='ocrx_word' id='word_1_37' title='bbox 920 572 1006 628; x_wconf 90' lang='lat' dir='ltr'><strong>(est</strong></span> <span class='ocrx_word' id='word_1_38' title='bbox 1035 587 1187 617; x_wconf 86' lang='lat' dir='ltr'><strong>versus</strong></span> <span class='ocrx_word' id='word_1_39' title='bbox 1216 574 1439 628; x_wconf 81' lang='lat' dir='ltr'><strong>clausula).</strong></span> 
     </span>
     <span class='ocr_line' id='line_1_8' title="bbox 386 643 1105 701; baseline 0.001 -14"><span class='ocrx_word' id='word_1_40' title='bbox 386 643 511 687; x_wconf 92' lang='lat' dir='ltr'><strong>Idem</strong></span> <span class='ocrx_word' id='word_1_41' title='bbox 540 660 566 686; x_wconf 86' lang='lat' dir='ltr'><strong>a</strong></span> <span class='ocrx_word' id='word_1_42' title='bbox 590 643 846 701; x_wconf 86' lang='lat' dir='ltr'><strong>productum</strong></span> <span class='ocrx_word' id='word_1_43' title='bbox 874 644 1105 688; x_wconf 88' lang='lat' dir='ltr'><strong>habemus:</strong></span> 
     </span>
     <span class='ocr_line' id='line_1_9' title="bbox 444 711 941 773; baseline 0 -14"><span class='ocrx_word' id='word_1_44' title='bbox 444 718 483 759; x_wconf 91' lang='lat' dir='ltr'><em>E</em></span> <span class='ocrx_word' id='word_1_45' title='bbox 502 715 595 758; x_wconf 90' lang='grc'><strong>745.</strong></span> <span class='ocrx_word' id='word_1_46' title='bbox 625 711 790 773; x_wconf 79' lang='grc' dir='ltr'><strong><em>φλόγεα</em></strong></span> <span class='ocrx_word' id='word_1_47' title='bbox 818 716 941 759; x_wconf 82' lang='grc' dir='ltr'><strong><em>ποσί.</em></strong></span> 
     </span>
     <span class='ocr_line' id='line_1_10' title="bbox 455 787 880 840; baseline -0.002 -9"><span class='ocrx_word' id='word_1_48' title='bbox 455 787 603 831; x_wconf 86' lang='grc' dir='ltr'><strong>Θ389.</strong></span> <span class='ocrx_word' id='word_1_49' title='bbox 691 820 712 840; x_wconf 86' lang='lat'><em>„</em></span> <span class='ocrx_word' id='word_1_50' title='bbox 858 818 880 840; x_wconf 88' lang='lat'><strong>‚,</strong></span> 
     </span>
     <span class='ocr_line' id='line_1_11' title="bbox 451 850 810 901; baseline 0.003 -2"><span class='ocrx_word' id='word_1_51' title='bbox 451 856 598 901; x_wconf 79' lang='lat' dir='ltr'><strong>Y255.</strong></span> <span class='ocrx_word' id='word_1_52' title='bbox 624 850 723 901; x_wconf 78' lang='grc' dir='ltr'><strong><em>ε’τεᾶ</em></strong></span> <span class='ocrx_word' id='word_1_53' title='bbox 748 871 810 900; x_wconf 87' lang='grc' dir='ltr'><strong>τε.</strong></span> 
     </span>
     <span class='ocr_line' id='line_1_12' title="bbox 453 922 837 987; baseline 0.003 -14"><span class='ocrx_word' id='word_1_54' title='bbox 453 932 609 974; x_wconf 84' lang='grc' dir='ltr'><strong>Φ352.</strong></span> <span class='ocrx_word' id='word_1_55' title='bbox 636 922 690 973; x_wconf 67' lang='grc' dir='ltr'><strong>τὲ</strong></span> <span class='ocrx_word' id='word_1_56' title='bbox 720 931 837 987; x_wconf 83' lang='grc' dir='ltr'><strong><em>περί.</em></strong></span> 
     </span>
     <span class='ocr_line' id='line_1_13' title="bbox 454 996 960 1062; baseline 0.002 -17"><span class='ocrx_word' id='word_1_57' title='bbox 454 1005 498 1046; x_wconf 80' lang='grc' dir='ltr'>Ψ</span> <span class='ocrx_word' id='word_1_58' title='bbox 507 1002 602 1046; x_wconf 91' lang='grc'><strong>240.</strong></span> <span class='ocrx_word' id='word_1_59' title='bbox 632 996 872 1062; x_wconf 81' lang='grc' dir='ltr'><strong><em>ἆριφραδέᾶ</em></strong></span> <span class='ocrx_word' id='word_1_60' title='bbox 901 1001 960 1046; x_wconf 82' lang='grc' dir='ltr'><strong>δέ.</strong></span> 
     </span>
     <span class='ocr_line' id='line_1_14' title="bbox 447 1072 1064 1119; baseline 0 -2"><span class='ocrx_word' id='word_1_61' title='bbox 447 1077 489 1117; x_wconf 87' lang='grc' dir='ltr'>Ω</span> <span class='ocrx_word' id='word_1_62' title='bbox 506 1076 543 1117; x_wconf 87' lang='lat'><strong>7.</strong></span> <span class='ocrx_word' id='word_1_63' title='bbox 628 1072 777 1119; x_wconf 79' lang='grc' dir='ltr'><strong><em>ὁπόσᾶ</em></strong></span> <span class='ocrx_word' id='word_1_64' title='bbox 809 1072 1064 1119; x_wconf 78' lang='grc' dir='ltr'><strong><em>τολύπευσε.</em></strong></span> 
     </span>
     <span class='ocr_line' id='line_1_15' title="bbox 449 1144 1205 1206; baseline 0.001 -15"><span class='ocrx_word' id='word_1_65' title='bbox 449 1164 474 1191; x_wconf 89' lang='grc' dir='ltr'><strong>κ</strong></span> <span class='ocrx_word' id='word_1_66' title='bbox 505 1148 600 1200; x_wconf 79' lang='grc'><strong>353.</strong></span> <span class='ocrx_word' id='word_1_67' title='bbox 629 1144 863 1206; x_wconf 83' lang='grc' dir='ltr'><strong><em>πορφύρεᾶ</em></strong></span> <span class='ocrx_word' id='word_1_68' title='bbox 889 1148 991 1193; x_wconf 77' lang='grc' dir='ltr'><strong><em>καθ’</em></strong></span> <span class='ocrx_word' id='word_1_69' title='bbox 1028 1144 1205 1205; x_wconf 74' lang='grc' dir='ltr'><strong>ὕπερθ’.</strong></span> 
     </span>
     <span class='ocr_line' id='line_1_16' title="bbox 451 1216 1139 1279; baseline 0.001 -17"><span class='ocrx_word' id='word_1_70' title='bbox 451 1228 491 1276; x_wconf 83' lang='grc' dir='ltr'><em>ψ</em></span> <span class='ocrx_word' id='word_1_71' title='bbox 505 1221 600 1264; x_wconf 92' lang='grc'><strong>225.</strong></span> <span class='ocrx_word' id='word_1_72' title='bbox 630 1216 871 1279; x_wconf 79' lang='grc' dir='ltr'><em>ἅριφραὸἑᾶ</em></span> <span class='ocrx_word' id='word_1_73' title='bbox 900 1221 1139 1275; x_wconf 83' lang='grc' dir='ltr'><strong><em>κατέλεξας.</em></strong></span> 
     </span>
    </p>

    <p class='ocr_par' dir='ltr' id='par_1_4' title="bbox 384 1292 1707 1352">
     <span class='ocr_line' id='line_1_17' title="bbox 384 1292 1707 1352; baseline 0.001 -16"><span class='ocrx_word' id='word_1_74' title='bbox 384 1292 504 1336; x_wconf 86' lang='lat' dir='ltr'><strong>Ante</strong></span> <span class='ocrx_word' id='word_1_75' title='bbox 537 1292 753 1349; x_wconf 85' lang='lat' dir='ltr'><strong>digamma</strong></span> <span class='ocrx_word' id='word_1_76' title='bbox 780 1310 809 1336; x_wconf 91' lang='grc' dir='ltr'><strong><em>α</em></strong></span> <span class='ocrx_word' id='word_1_77' title='bbox 837 1293 1017 1352; x_wconf 89' lang='lat' dir='ltr'><strong>pluralis</strong></span> <span class='ocrx_word' id='word_1_78' title='bbox 1044 1292 1296 1351; x_wconf 80' lang='lat' dir='ltr'><strong>producitur</strong></span> <span class='ocrx_word' id='word_1_79' title='bbox 1326 1293 1372 1337; x_wconf 88' lang='lat' dir='ltr'><strong>in</strong></span> <span class='ocrx_word' id='word_1_80' title='bbox 1401 1293 1478 1337; x_wconf 85' lang='lat' dir='ltr'><strong>illa</strong></span> <span class='ocrx_word' id='word_1_81' title='bbox 1506 1293 1707 1349; x_wconf 88' lang='lat' dir='ltr'><strong>formula,</strong></span> 
     </span>
    </p>

    <p class='ocr_par' dir='ltr' id='par_1_5' title="bbox 250 1370 1172 1552">
     <span class='ocr_line' id='line_1_18' title="bbox 252 1370 482 1420; baseline 0.004 -14"><span class='ocrx_word' id='word_1_82' title='bbox 252 1378 362 1420; x_wconf 88' lang='lat' dir='ltr'><strong>quae</strong></span> <span class='ocrx_word' id='word_1_83' title='bbox 392 1370 482 1407; x_wconf 87' lang='lat' dir='ltr'><strong>est:</strong></span> 
     </span>
     <span class='ocr_line' id='line_1_19' title="bbox 707 1431 1172 1492; baseline -0.002 -13"><span class='ocrx_word' id='word_1_84' title='bbox 707 1434 950 1492; x_wconf 78' lang='grc' dir='ltr'><strong><em>σμερδαλέᾶ</em></strong></span> <span class='ocrx_word' id='word_1_85' title='bbox 983 1431 1172 1489; x_wconf 57' lang='grc' dir='ltr'><strong>πω-άχων</strong></span> 
     </span>
     <span class='ocr_line' id='line_1_20' title="bbox 250 1507 1048 1552; baseline 0.001 -2"><span class='ocrx_word' id='word_1_86' title='bbox 250 1507 303 1550; x_wconf 90' lang='lat' dir='ltr'><strong>cf.</strong></span> <span class='ocrx_word' id='word_1_87' title='bbox 333 1511 386 1550; x_wconf 89' lang='lat' dir='ltr'><em>H</em></span> <span class='ocrx_word' id='word_1_88' title='bbox 398 1507 491 1551; x_wconf 82' lang='lat'><strong>785.</strong></span> <span class='ocrx_word' id='word_1_89' title='bbox 527 1507 643 1551; x_wconf 88' lang='lat' dir='ltr'><strong>T41.</strong></span> <span class='ocrx_word' id='word_1_90' title='bbox 683 1508 824 1550; x_wconf 82' lang='lat' dir='ltr'><strong>Y285.</strong></span> <span class='ocrx_word' id='word_1_91' title='bbox 840 1507 936 1552; x_wconf 81' lang='lat'><strong>382.</strong></span> <span class='ocrx_word' id='word_1_92' title='bbox 952 1508 1048 1551; x_wconf 86' lang='lat'><strong>443.</strong></span> 
     </span>
    </p>

    <p class='ocr_par' dir='ltr' id='par_1_6' title="bbox 248 1580 1708 1711">
     <span class='ocr_line' id='line_1_21' title="bbox 382 1580 1708 1639; baseline 0.001 -16"><span class='ocrx_word' id='word_1_93' title='bbox 382 1580 506 1623; x_wconf 83' lang='lat' dir='ltr'><strong>Idem</strong></span> <span class='ocrx_word' id='word_1_94' title='bbox 535 1586 601 1623; x_wconf 88' lang='lat' dir='ltr'><strong>est</strong></span> <span class='ocrx_word' id='word_1_95' title='bbox 632 1586 731 1623; x_wconf 86' lang='lat' dir='ltr'><strong>ante</strong></span> <span class='ocrx_word' id='word_1_96' title='bbox 776 1580 1011 1639; x_wconf 86' lang='lat' dir='ltr'><strong>spirantem</strong></span> <span class='ocrx_word' id='word_1_97' title='bbox 1053 1580 1225 1624; x_wconf 79' lang='lat' dir='ltr'>literam</span> <span class='ocrx_word' id='word_1_98' title='bbox 1249 1582 1284 1638; x_wconf 87' lang='lat' dir='ltr'><strong>j,</strong></span> <span class='ocrx_word' id='word_1_99' title='bbox 1333 1580 1388 1624; x_wconf 90' lang='lat' dir='ltr'><strong>de</strong></span> <span class='ocrx_word' id='word_1_100' title='bbox 1433 1596 1518 1637; x_wconf 87' lang='lat' dir='ltr'><strong>qua</strong></span> <span class='ocrx_word' id='word_1_101' title='bbox 1562 1580 1708 1624; x_wconf 85' lang='lat' dir='ltr'><strong>confe-</strong></span> 
     </span>
     <span class='ocr_line' id='line_1_22' title="bbox 248 1652 484 1711; baseline 0 -15"><span class='ocrx_word' id='word_1_102' title='bbox 248 1667 319 1696; x_wconf 81' lang='lat' dir='ltr'><strong>ras</strong></span> <span class='ocrx_word' id='word_1_103' title='bbox 346 1668 390 1711; x_wconf 91' lang='lat' dir='ltr'><strong>p.</strong></span> <span class='ocrx_word' id='word_1_104' title='bbox 409 1652 484 1696; x_wconf 88' lang='lat'><strong>98:</strong></span> 
     </span>
    </p>

    <p class='ocr_par' dir='ltr' id='par_1_7' title="bbox 248 1720 1352 1928">
     <span class='ocr_line' id='line_1_23' title="bbox 513 1720 1264 1784; baseline -0.004 -14"><span class='ocrx_word' id='word_1_105' title='bbox 513 1728 551 1770; x_wconf 90' lang='grc' dir='ltr'>Θ</span> <span class='ocrx_word' id='word_1_106' title='bbox 570 1727 665 1771; x_wconf 90' lang='grc'><strong>556.</strong></span> <span class='ocrx_word' id='word_1_107' title='bbox 697 1726 862 1784; x_wconf 80' lang='grc' dir='ltr'><strong><em>φαίνετ’</em></strong></span> <span class='ocrx_word' id='word_1_108' title='bbox 889 1720 1148 1783; x_wconf 77' lang='grc' dir='ltr'><strong><em>α’ριπρεπέᾶ,</em></strong></span> <span class='ocrx_word' id='word_1_109' title='bbox 1179 1723 1264 1770; x_wconf 78' lang='grc' dir='ltr'><strong>ὅτε.</strong></span> 
     </span>
     <span class='ocr_line' id='line_1_24' title="bbox 248 1798 985 1857; baseline 0.001 -16"><span class='ocrx_word' id='word_1_110' title='bbox 248 1798 367 1841; x_wconf 82' lang='lat' dir='ltr'><strong>Ante</strong></span> <span class='ocrx_word' id='word_1_111' title='bbox 393 1798 524 1854; x_wconf 82' lang='grc' dir='ltr'><strong><em>μέγας</em></strong></span> <span class='ocrx_word' id='word_1_112' title='bbox 553 1799 635 1842; x_wconf 86' lang='lat' dir='ltr'><strong>hoc</strong></span> <span class='ocrx_word' id='word_1_113' title='bbox 664 1815 692 1841; x_wconf 93' lang='grc' dir='ltr'><strong><em>α</em></strong></span> <span class='ocrx_word' id='word_1_114' title='bbox 719 1799 985 1857; x_wconf 83' lang='lat' dir='ltr'><strong>producitur.</strong></span> 
     </span>
     <span class='ocr_line' id='line_1_25' title="bbox 510 1867 1352 1928; baseline 0.002 -15"><span class='ocrx_word' id='word_1_115' title='bbox 510 1874 562 1913; x_wconf 88' lang='lat' dir='ltr'><em>H</em></span> <span class='ocrx_word' id='word_1_116' title='bbox 576 1871 671 1914; x_wconf 88' lang='grc'><strong>775.</strong></span> <span class='ocrx_word' id='word_1_117' title='bbox 697 1869 842 1915; x_wconf 74' lang='grc' dir='ltr'><strong><em>πολλοὶ</em></strong></span> <span class='ocrx_word' id='word_1_118' title='bbox 874 1870 922 1915; x_wconf 80' lang='grc' dir='ltr'><strong>δὲ</strong></span> <span class='ocrx_word' id='word_1_119' title='bbox 951 1867 1160 1928; x_wconf 79' lang='grc' dir='ltr'><strong><em>χερμάὃιᾶ</em></strong></span> <span class='ocrx_word' id='word_1_120' title='bbox 1191 1871 1352 1927; x_wconf 78' lang='grc' dir='ltr'><strong>μέγαλ’.</strong></span> 
     </span>
    </p>

    <p class='ocr_par' dir='ltr' id='par_1_8' title="bbox 246 1943 1706 2143">
     <span class='ocr_line' id='line_1_26' title="bbox 379 1943 1706 2002; baseline -0.001 -16"><span class='ocrx_word' id='word_1_121' title='bbox 379 1943 668 1987; x_wconf 84' lang='lat' dir='ltr'><strong>Hoffmannus</strong></span> <span class='ocrx_word' id='word_1_122' title='bbox 685 1943 731 1986; x_wconf 93' lang='lat' dir='ltr'><strong>II</strong></span> <span class='ocrx_word' id='word_1_123' title='bbox 760 1959 803 2001; x_wconf 91' lang='lat' dir='ltr'><strong>p.</strong></span> <span class='ocrx_word' id='word_1_124' title='bbox 824 1945 901 1987; x_wconf 88' lang='grc'><strong>186</strong></span> <span class='ocrx_word' id='word_1_125' title='bbox 927 1944 1005 1987; x_wconf 85' lang='lat' dir='ltr'><strong>has</strong></span> <span class='ocrx_word' id='word_1_126' title='bbox 1031 1944 1356 2002; x_wconf 80' lang='lat' dir='ltr'><strong>productiones,</strong></span> <span class='ocrx_word' id='word_1_127' title='bbox 1388 1943 1450 1987; x_wconf 89' lang='lat' dir='ltr'><strong>eis</strong></span> <span class='ocrx_word' id='word_1_128' title='bbox 1480 1943 1599 1996; x_wconf 90' lang='lat' dir='ltr'><strong>locis,</strong></span> <span class='ocrx_word' id='word_1_129' title='bbox 1631 1943 1706 1986; x_wconf 89' lang='lat' dir='ltr'><strong>ubi</strong></span> 
     </span>
     <span class='ocr_line' id='line_1_27' title="bbox 246 2012 1704 2074; baseline 0.001 -16"><span class='ocrx_word' id='word_1_130' title='bbox 246 2012 409 2070; x_wconf 65' lang='lat' dir='ltr'><strong>nfo&#39;cxw</strong></span> <span class='ocrx_word' id='word_1_131' title='bbox 445 2023 487 2059; x_wconf 87' lang='lat' dir='ltr'><strong>et</strong></span> <span class='ocrx_word' id='word_1_132' title='bbox 507 2015 651 2073; x_wconf 78' lang='grc' dir='ltr'><strong><em>μέγαλ’</em></strong></span> <span class='ocrx_word' id='word_1_133' title='bbox 686 2016 880 2059; x_wconf 86' lang='lat' dir='ltr'><strong>vocalem</strong></span> <span class='ocrx_word' id='word_1_134' title='bbox 914 2032 941 2059; x_wconf 89' lang='grc' dir='ltr'><strong><em>α</em></strong></span> <span class='ocrx_word' id='word_1_135' title='bbox 969 2016 1205 2074; x_wconf 86' lang='lat' dir='ltr'><strong>excipiunt,</strong></span> <span class='ocrx_word' id='word_1_136' title='bbox 1236 2016 1464 2072; x_wconf 86' lang='lat' dir='ltr'><strong>neglectis,</strong></span> <span class='ocrx_word' id='word_1_137' title='bbox 1491 2015 1537 2058; x_wconf 88' lang='lat' dir='ltr'><strong>in</strong></span> <span class='ocrx_word' id='word_1_138' title='bbox 1554 2029 1704 2059; x_wconf 87' lang='lat' dir='ltr'><strong>nume·</strong></span> 
     </span>
     <span class='ocr_line' id='line_1_28' title="bbox 246 2087 799 2143; baseline 0.002 -14"><span class='ocrx_word' id='word_1_139' title='bbox 246 2103 341 2130; x_wconf 88' lang='lat' dir='ltr'><strong>rum</strong></span> <span class='ocrx_word' id='word_1_140' title='bbox 373 2087 597 2130; x_wconf 89' lang='lat' dir='ltr'><strong>duriorum</strong></span> <span class='ocrx_word' id='word_1_141' title='bbox 626 2088 799 2143; x_wconf 86' lang='lat' dir='ltr'><strong>redigit.</strong></span> 
     </span>
    </p>

    <p class='ocr_par' dir='ltr' id='par_1_9' title="bbox 244 2157 1707 2793">
     <span class='ocr_line' id='line_1_29' title="bbox 379 2157 1705 2216; baseline -0.001 -14"><span class='ocrx_word' id='word_1_142' title='bbox 379 2157 428 2202; x_wconf 85' lang='lat' dir='ltr'><strong>Si</strong></span> <span class='ocrx_word' id='word_1_143' title='bbox 472 2164 716 2216; x_wconf 86' lang='lat' dir='ltr'><strong>spectamus</strong></span> <span class='ocrx_word' id='word_1_144' title='bbox 748 2158 803 2201; x_wconf 86' lang='lat' dir='ltr'><strong>ad</strong></span> <span class='ocrx_word' id='word_1_145' title='bbox 833 2158 1005 2215; x_wconf 81' lang='lat' dir='ltr'><strong>linguas</strong></span> <span class='ocrx_word' id='word_1_146' title='bbox 1038 2163 1257 2214; x_wconf 82' lang='lat' dir='ltr'><strong>cognatas,</strong></span> <span class='ocrx_word' id='word_1_147' title='bbox 1285 2157 1571 2215; x_wconf 86' lang='lat' dir='ltr'><strong>grammatica</strong></span> <span class='ocrx_word' id='word_1_148' title='bbox 1610 2173 1705 2201; x_wconf 81' lang='lat' dir='ltr'><strong>san-</strong></span> 
     </span>
     <span class='ocr_line' id='line_1_30' title="bbox 247 2230 1707 2289; baseline 0 -15"><span class='ocrx_word' id='word_1_149' title='bbox 247 2230 421 2275; x_wconf 82' lang='lat' dir='ltr'><strong>skritica</strong></span> <span class='ocrx_word' id='word_1_150' title='bbox 446 2246 526 2275; x_wconf 90' lang='lat' dir='ltr'><strong>nos</strong></span> <span class='ocrx_word' id='word_1_151' title='bbox 561 2230 704 2288; x_wconf 85' lang='lat' dir='ltr'><strong>docet,</strong></span> <span class='ocrx_word' id='word_1_152' title='bbox 752 2230 1065 2274; x_wconf 87' lang='lat' dir='ltr'><strong>nominativum</strong></span> <span class='ocrx_word' id='word_1_153' title='bbox 1106 2237 1149 2274; x_wconf 85' lang='lat' dir='ltr'><strong>et</strong></span> <span class='ocrx_word' id='word_1_154' title='bbox 1191 2230 1482 2274; x_wconf 82' lang='lat' dir='ltr'><strong>accusativum</strong></span> <span class='ocrx_word' id='word_1_155' title='bbox 1526 2230 1707 2289; x_wconf 88' lang='lat' dir='ltr'><strong>pluralis</strong></span> 
     </span>
     <span class='ocr_line' id='line_1_31' title="bbox 247 2304 1707 2361; baseline -0.001 -14"><span class='ocrx_word' id='word_1_156' title='bbox 247 2319 395 2347; x_wconf 86' lang='lat' dir='ltr'><strong>earum</strong></span> <span class='ocrx_word' id='word_1_157' title='bbox 416 2319 582 2359; x_wconf 87' lang='lat' dir='ltr'><strong>vocum,</strong></span> <span class='ocrx_word' id='word_1_158' title='bbox 606 2318 716 2360; x_wconf 87' lang='lat' dir='ltr'><strong>quae</strong></span> <span class='ocrx_word' id='word_1_159' title='bbox 736 2310 834 2346; x_wconf 88' lang='lat' dir='ltr'><strong>sunt</strong></span> <span class='ocrx_word' id='word_1_160' title='bbox 857 2304 1051 2347; x_wconf 90' lang='lat' dir='ltr'><strong>neutrius</strong></span> <span class='ocrx_word' id='word_1_161' title='bbox 1069 2304 1257 2360; x_wconf 86' lang='lat' dir='ltr'><strong>generis,</strong></span> <span class='ocrx_word' id='word_1_162' title='bbox 1278 2319 1547 2361; x_wconf 84' lang='lat' dir='ltr'><strong>quarumque</strong></span> <span class='ocrx_word' id='word_1_163' title='bbox 1562 2304 1707 2347; x_wconf 87' lang='lat' dir='ltr'><strong>thema</strong></span> 
     </span>
     <span class='ocr_line' id='line_1_32' title="bbox 246 2375 1704 2434; baseline 0 -16"><span class='ocrx_word' id='word_1_164' title='bbox 246 2376 273 2420; x_wconf 90' lang='lat' dir='ltr'><strong>i.</strong></span> <span class='ocrx_word' id='word_1_165' title='bbox 305 2391 343 2419; x_wconf 90' lang='lat' dir='ltr'><strong>e.</strong></span> <span class='ocrx_word' id='word_1_166' title='bbox 375 2377 513 2419; x_wconf 82' lang='lat' dir='ltr'><strong>forma</strong></span> <span class='ocrx_word' id='word_1_167' title='bbox 539 2375 758 2434; x_wconf 86' lang='lat' dir='ltr'><strong>primitiva</strong></span> <span class='ocrx_word' id='word_1_168' title='bbox 800 2375 846 2418; x_wconf 87' lang='lat' dir='ltr'><strong>in</strong></span> <span class='ocrx_word' id='word_1_169' title='bbox 886 2376 963 2429; x_wconf 83' lang='lat' dir='ltr'><strong>„a“</strong></span> <span class='ocrx_word' id='word_1_170' title='bbox 1006 2375 1180 2431; x_wconf 85' lang='lat' dir='ltr'><strong>desinit,</strong></span> <span class='ocrx_word' id='word_1_171' title='bbox 1222 2376 1533 2419; x_wconf 85' lang='lat' dir='ltr'><strong>terminatione</strong></span> <span class='ocrx_word' id='word_1_172' title='bbox 1579 2376 1704 2432; x_wconf 46' lang='grc' dir='ltr'><strong>,βαΰ</strong></span> 
     </span>
     <span class='ocr_line' id='line_1_33' title="bbox 244 2447 1704 2504; baseline 0.001 -14"><span class='ocrx_word' id='word_1_173' title='bbox 244 2447 322 2502; x_wconf 88' lang='lat' dir='ltr'><strong>uti,</strong></span> <span class='ocrx_word' id='word_1_174' title='bbox 350 2447 406 2489; x_wconf 85' lang='lat' dir='ltr'><strong>ad</strong></span> <span class='ocrx_word' id='word_1_175' title='bbox 434 2447 650 2504; x_wconf 82' lang='lat' dir='ltr'><strong>pluralem</strong></span> <span class='ocrx_word' id='word_1_176' title='bbox 685 2461 911 2490; x_wconf 89' lang='lat' dir='ltr'><strong>numerum</strong></span> <span class='ocrx_word' id='word_1_177' title='bbox 936 2447 1288 2502; x_wconf 87' lang='lat' dir='ltr'><strong>describendum,</strong></span> <span class='ocrx_word' id='word_1_178' title='bbox 1334 2449 1390 2490; x_wconf 88' lang='lat' dir='ltr'><strong>cf.</strong></span> <span class='ocrx_word' id='word_1_179' title='bbox 1422 2448 1517 2501; x_wconf 76' lang='lat' dir='ltr'><strong>civa</strong></span> <span class='ocrx_word' id='word_1_180' title='bbox 1548 2448 1704 2503; x_wconf 64' lang='lat' dir='ltr'><strong>civani.</strong></span> 
     </span>
     <span class='ocr_line' id='line_1_34' title="bbox 246 2519 1700 2577; baseline -0.001 -14"><span class='ocrx_word' id='word_1_181' title='bbox 246 2521 297 2563; x_wconf 90' lang='lat' dir='ltr'><strong>In</strong></span> <span class='ocrx_word' id='word_1_182' title='bbox 329 2520 516 2562; x_wconf 85' lang='lat' dir='ltr'><strong>dialecto</strong></span> <span class='ocrx_word' id='word_1_183' title='bbox 546 2527 689 2562; x_wconf 87' lang='lat' dir='ltr'><strong>autem</strong></span> <span class='ocrx_word' id='word_1_184' title='bbox 719 2519 872 2563; x_wconf 86' lang='lat' dir='ltr'><strong>vedica</strong></span> <span class='ocrx_word' id='word_1_185' title='bbox 901 2520 1152 2577; x_wconf 88' lang='lat' dir='ltr'><strong>saepissime</strong></span> <span class='ocrx_word' id='word_1_186' title='bbox 1180 2521 1312 2575; x_wconf 88' lang='lat' dir='ltr'><strong>longa</strong></span> <span class='ocrx_word' id='word_1_187' title='bbox 1342 2520 1502 2562; x_wconf 83' lang='lat' dir='ltr'><strong>vocalis</strong></span> <span class='ocrx_word' id='word_1_188' title='bbox 1522 2521 1603 2574; x_wconf 53' lang='lat' dir='ltr'><strong>„ff</strong></span> <span class='ocrx_word' id='word_1_189' title='bbox 1621 2520 1700 2563; x_wconf 83' lang='lat' dir='ltr'><strong>eis-</strong></span> 
     </span>
     <span class='ocr_line' id='line_1_35' title="bbox 246 2590 1704 2635; baseline -0.001 0"><span class='ocrx_word' id='word_1_190' title='bbox 246 2592 345 2635; x_wconf 89' lang='lat' dir='ltr'><strong>dem</strong></span> <span class='ocrx_word' id='word_1_191' title='bbox 389 2591 559 2635; x_wconf 83' lang='lat' dir='ltr'><strong>casibus</strong></span> <span class='ocrx_word' id='word_1_192' title='bbox 601 2590 898 2634; x_wconf 79' lang='lat' dir='ltr'><strong>describendis</strong></span> <span class='ocrx_word' id='word_1_193' title='bbox 942 2590 1125 2635; x_wconf 81' lang='lat' dir='ltr'><strong>inservit</strong></span> <span class='ocrx_word' id='word_1_194' title='bbox 1162 2592 1218 2634; x_wconf 85' lang='lat' dir='ltr'><strong>cf.</strong></span> <span class='ocrx_word' id='word_1_195' title='bbox 1260 2590 1403 2633; x_wconf 66' lang='lat' dir='ltr'><strong>kamia</strong></span> <span class='ocrx_word' id='word_1_196' title='bbox 1430 2607 1485 2627; x_wconf 91' lang='lat'>=</span> <span class='ocrx_word' id='word_1_197' title='bbox 1514 2591 1704 2634; x_wconf 63' lang='lat' dir='ltr'><strong>kainiani</strong></span> 
     </span>
     <span class='ocr_line' id='line_1_36' title="bbox 247 2663 1703 2723; baseline 0.001 -16"><span class='ocrx_word' id='word_1_198' title='bbox 247 2664 328 2721; x_wconf 87' lang='lat' dir='ltr'><strong>Rg.</strong></span> <span class='ocrx_word' id='word_1_199' title='bbox 344 2664 429 2708; x_wconf 87' lang='lat' dir='ltr'><strong>Vd.</strong></span> <span class='ocrx_word' id='word_1_200' title='bbox 446 2664 481 2719; x_wconf 90' lang='lat'><strong>1,</strong></span> <span class='ocrx_word' id='word_1_201' title='bbox 497 2663 535 2707; x_wconf 90' lang='lat'><strong>8.</strong></span> <span class='ocrx_word' id='word_1_202' title='bbox 556 2664 620 2708; x_wconf 85' lang='lat'><strong>10.</strong></span> <span class='ocrx_word' id='word_1_203' title='bbox 637 2665 826 2707; x_wconf 69' lang='lat' dir='ltr'><strong>raucana</strong></span> <span class='ocrx_word' id='word_1_204' title='bbox 846 2680 901 2701; x_wconf 94' lang='lat'>=</span> <span class='ocrx_word' id='word_1_205' title='bbox 923 2664 1159 2707; x_wconf 73' lang='lat' dir='ltr'><strong>raueanani</strong></span> <span class='ocrx_word' id='word_1_206' title='bbox 1187 2664 1236 2708; x_wconf 85' lang='lat' dir='ltr'><strong>R.</strong></span> <span class='ocrx_word' id='word_1_207' title='bbox 1253 2663 1310 2707; x_wconf 90' lang='lat' dir='ltr'><strong>V.</strong></span> <span class='ocrx_word' id='word_1_208' title='bbox 1326 2663 1362 2719; x_wconf 91' lang='lat' dir='ltr'><strong>I,</strong></span> <span class='ocrx_word' id='word_1_209' title='bbox 1378 2663 1416 2707; x_wconf 87' lang='lat'><strong>6.</strong></span> <span class='ocrx_word' id='word_1_210' title='bbox 1437 2665 1480 2720; x_wconf 81' lang='lat'><strong>13</strong></span> <span class='ocrx_word' id='word_1_211' title='bbox 1509 2663 1565 2707; x_wconf 82' lang='lat' dir='ltr'><strong>ad</strong></span> <span class='ocrx_word' id='word_1_212' title='bbox 1596 2679 1703 2723; x_wconf 86' lang='lat' dir='ltr'><strong>quas</strong></span> 
     </span>
     <span class='ocr_line' id='line_1_37' title="bbox 247 2736 1703 2793; baseline 0 -14"><span class='ocrx_word' id='word_1_213' title='bbox 247 2737 408 2780; x_wconf 83' lang='lat' dir='ltr'><strong>formas</strong></span> <span class='ocrx_word' id='word_1_214' title='bbox 439 2736 704 2793; x_wconf 87' lang='lat' dir='ltr'><strong>antiquiores</strong></span> <span class='ocrx_word' id='word_1_215' title='bbox 735 2736 781 2778; x_wconf 89' lang='lat' dir='ltr'><strong>in</strong></span> <span class='ocrx_word' id='word_1_216' title='bbox 807 2736 959 2793; x_wconf 88' lang='lat' dir='ltr'><strong>lingua</strong></span> <span class='ocrx_word' id='word_1_217' title='bbox 986 2737 1159 2780; x_wconf 82' lang='lat' dir='ltr'><strong>Graeca</strong></span> <span class='ocrx_word' id='word_1_218' title='bbox 1195 2736 1506 2781; x_wconf 88' lang='lat' dir='ltr'><strong>nominativum</strong></span> <span class='ocrx_word' id='word_1_219' title='bbox 1545 2743 1589 2780; x_wconf 91' lang='lat' dir='ltr'><strong>et</strong></span> <span class='ocrx_word' id='word_1_220' title='bbox 1624 2752 1703 2779; x_wconf 84' lang='lat' dir='ltr'><strong>ac-</strong></span> 
     </span>
    </p>
   </div>
   <div class='ocr_carea' id='block_1_4' title="bbox 0 3302 1984 3332">
    <p class='ocr_par' dir='ltr' id='par_1_10' title="bbox 0 3302 1984 3332">
     <span class='ocr_line' id='line_1_38' title="bbox 0 3302 1984 3332; baseline 0 0"><span class='ocrx_word' id='word_1_221' title='bbox 0 3302 1984 3332; x_wconf 95' lang='lat' dir='ltr'><strong> </strong></span> 
     </span>
    </p>
   </div>
  </div>
 </body>
</html>
