1984 3332
964 175 1018 218 28

260 296 509 352 graviorem
539 301 583 340 et
613 299 840 342 fortiorem
872 304 1071 342 naturam
1105 312 1251 342 earum
1272 299 1485 342 vocalium
1502 299 1718 353 brevium,

260 382 369 423 quae
399 368 445 410 in
471 369 591 411 hiatu
624 377 788 425 extant,
815 371 1006 413 tribuere
1036 370 1173 412 coacti
1188 385 1348 412 sumus.
1377 370 1576 412 Priorem
1598 370 1713 411 viam

259 438 295 482 si
324 440 593 497 respicimus,
624 441 667 485 in
687 441 859 487 Graeca
877 443 1027 498 lingua
1046 442 1255 485 nonnulla
1271 442 1553 485 inveniuntur
1569 455 1717 485 exem·

261 510 346 567 pla,
385 524 495 568 quae
525 510 698 553 literam
729 513 968 569 spirantem
1008 528 1027 554 s
1058 513 1102 554 in
1133 511 1258 553 initio
1288 526 1442 554 vocum
1474 511 1597 553 iuxta
1627 523 1718 552 eas-

261 581 361 623 dem
390 597 534 636 voees,
567 598 677 640 quae
706 584 792 626 iam
823 601 842 626 s
871 585 916 626 in
948 586 1143 642 spiritum
1181 599 1382 641 asperum
1416 588 1625 626 mutatum
1646 598 1716 625 ex·

261 652 425 706 hibent,
469 653 610 696 adhuc
641 662 885 697 servarunt.
951 655 1125 698 Lectori
1171 654 1216 697 in
1265 654 1514 697 memoriam
1557 667 1715 696 revoco

261 738 390 766 voces
424 714 478 775 ὗς
507 750 561 755 ——
592 728 675 776 ςῧς,
706 723 784 782 ῧλη
815 750 868 757 -
898 724 1002 782 σύλη
1036 727 1109 780 (cf.
1136 722 1457 781 Σκαπτησύλη),
1489 721 1637 768 ‘'EM-oc
1662 750 1716 757 —

260 793 426 849 Σέλλοι,
454 792 691 854 εΑρπηὸών
721 822 771 829 —-
790 794 1045 854 Σαρπηδών,
1067 794 1246 852 ε’Λλμων
1275 822 1324 828 -
1354 791 1615 851 Σαλμωνεύς
1645 795 1716 848 (cf.

264 867 462 911 Curtius:
493 868 763 926 Grundziigc
789 885 866 912 zur
893 870 1060 925 griech.
1079 871 1331 928 Etymolog.
1349 886 1391 928 p.
1407 869 1501 912 578.
1535 868 1715 914 Christ.:

265 937 535 996 Grundziige
567 940 646 982 der
675 942 843 996 griech.
876 942 1114 984 Lautlehre
1141 958 1182 999 p.
1200 942 1356 996 135)1).
1388 941 1523 998 Apud
1551 941 1716 983 Home-

261 1025 357 1052 rum
386 1011 639 1053 memoriam
664 1011 818 1054 literae
850 1027 868 1053 s
910 1011 1088 1054 initialis
1119 1011 1312 1055 nondum
1340 1011 1716 1070 evanuisse,prae—

262 1081 390 1138 cipue
422 1097 478 1124 ex
510 1096 561 1124 ea
590 1096 637 1123 re
670 1082 902 1137 colligitur,
950 1081 1065 1139 quod
1106 1087 1205 1124 ante
1236 1081 1374 1139 νίφας,
1419 1080 1533 1135 νίζω,
1578 1079 1717 1138 νεύρη,

260 1150 374 1207 νυός,
403 1149 541 1206 νότος,
567 1150 710 1203 νότιος
737 1153 986 1209 saepissime
1020 1153 1263 1194 invenimus
1295 1152 1607 1210 productiones
1623 1153 1718 1195 bre·

260 1224 378 1266 vium
407 1224 671 1281 syllabarum
704 1224 778 1280 (cf.
793 1224 1046 1267 Hoffmann.
1068 1223 1451 1276 Quaestt.Hom.I
1476 1224 1613 1281 p.149
1629 1224 1719 1279 ss.)‚

262 1311 371 1353 quae
403 1301 568 1338 tantum
595 1294 722 1339 litera
750 1312 783 1349 s,
819 1311 902 1353 qua
935 1296 1012 1337 has
1043 1310 1172 1338 voces
1207 1296 1309 1338 olim
1332 1295 1462 1337 fuisse
1485 1295 1716 1339 instructas

260 1368 508 1424 linguarum
538 1368 860 1424 comparatione
891 1367 992 1409 satis
1024 1373 1210 1421 constat,
1254 1367 1365 1409 iuste
1396 1367 1593 1409 excusari
1622 1381 1717 1422 pos-

261 1446 359 1481 sunt
377 1441 453 1482 ef.:
485 1439 773 1493 Savelsberg:
804 1439 975 1481 Kuhn’s
995 1439 1247 1482 Zeitschrift
1275 1440 1345 1481 fiir
1367 1439 1505 1494 vergi.
1529 1437 1717 1496 Sprach·

262 1510 456 1567 forschg.
478 1510 592 1553 XVI
622 1525 663 1566 p.
683 1510 749 1552 57.
767 1511 834 1552 58.
908 1508 956 1553 Si
998 1515 1139 1551 autem
1181 1509 1306 1551 litera
1345 1509 1519 1570 initialis
1550 1525 1569 1551 s
1600 1508 1713 1567 apud

264 1583 501 1625 Homerum
541 1588 641 1624 ante
689 1597 818 1624 voces
867 1598 889 1623 a
930 1582 1055 1623 litera
1103 1596 1293 1623 consona
1341 1581 1596 1637 incipientes
1627 1582 1714 1622 vim

262 1668 383 1696 suam
414 1654 797 1710 auctoritatemque
828 1654 1020 1695 nondum
1042 1667 1218 1709 prorsus
1233 1654 1445 1707 amiserat,
1468 1667 1562 1695 cam
1580 1653 1708 1695 etiam

263 1725 308 1766 in
338 1725 514 1767 vocibus
543 1741 566 1766 a
592 1725 732 1767 vocali
761 1725 1065 1767 inchoantibus
1110 1725 1225 1781 apud
1261 1725 1501 1767 Homerum
1527 1724 1715 1767 valuisse

263 1811 350 1838 non
379 1802 458 1851 est,
488 1796 603 1852 quod
634 1796 854 1839 miremur.
902 1795 1092 1840 Omnino
1129 1796 1252 1839 nobis
1283 1796 1326 1838 in
1355 1796 1435 1839 hac
1465 1795 1713 1852 quaestione

264 1867 496 1910 tenendum
524 1874 603 1922 est,
635 1868 781 1910 literas
816 1868 1064 1925 spirantess
1084 1874 1126 1910 et
1140 1869 1172 1924 j,
1205 1882 1261 1910 ex
1295 1868 1449 1923 quibus
1481 1868 1526 1916 in
1557 1881 1714 1923 magna

262 1954 420 1982 vocum
450 1946 574 1997 parte
605 1940 801 1997 spiritum
830 1947 904 1982 aut
933 1954 1134 1996 asperum
1167 1946 1240 1981 aut
1269 1940 1411 1982 lenem
1448 1947 1590 1982 ortum
1621 1954 1714 1982 esse

262 2011 427 2066 linguis
459 2011 652 2066 cognatis
684 2011 884 2065 efficitur,
914 2026 1003 2053 non
1022 2026 1107 2053 uno
1130 2017 1283 2054 tenore
1304 2012 1415 2054 hanc
1433 2012 1713 2054 mutationem

261 2081 421 2136 iniisse,
463 2083 540 2125 sed
576 2083 824 2140 priusquam
850 2083 1025 2140 spiritus
1068 2083 1182 2125 solus
1223 2082 1451 2140 imperium
1482 2082 1711 2137 obtineret,

262 2153 396 2195 fuisse
425 2160 609 2211 tempus,
644 2169 728 2210 quo
758 2155 802 2196 in
832 2155 897 2197 his
927 2155 1106 2196 vocibus
1138 2161 1181 2196 et
1211 2155 1363 2197 literae
1392 2154 1604 2210 spirantes
1626 2154 1713 2196 vim

263 2239 384 2267 suam
414 2239 589 2267 servare
623 2232 664 2267 et
694 2225 866 2281 spiritus
898 2226 981 2268 iam
1013 2240 1160 2268 earum
1192 2225 1310 2268 vices
1354 2226 1572 2282 suscipere
1616 2241 1713 2282 pos-

262 2301 382 2350 sent3
411 2295 526 2351 quod
558 2310 645 2338 non
676 2296 830 2338 mirum
862 2297 966 2339 mihi
1001 2310 1095 2339 esse
1124 2295 1311 2350 videtur,
1342 2311 1441 2338 cum
1472 2295 1526 2338 de
1558 2295 1638 2338 hac
1666 2310 1713 2339 re

262 2383 349 2410 non
401 2367 520 2410 aliud
566 2367 840 2411 iudicandum
883 2369 960 2423 sit,
1013 2384 1062 2411 ac
1101 2368 1154 2410 de
1203 2367 1444 2423 digammo,
1501 2367 1616 2423 quod
1665 2367 1709 2411 in

263 2439 486 2484 nonnullis
540 2439 719 2483 vocibus
748 2440 819 2493 (cf.
847 2440 983 2483 Kuhn
1024 2440 1229 2484 Ztschrft.
1253 2440 1301 2483 II
1330 2440 1488 2497 p.132)
1519 2440 1562 2483 in
1590 2439 1712 2498 spiri-

396 2680 429 2726 1)
453 2680 627 2715 Fortasse
651 2680 724 2715 huc
748 2679 981 2715 referendum
1006 2682 1062 2714 est
1085 2677 1203 2722 σόλος,
1236 2692 1346 2725 quam
1377 2691 1507 2715 vocem
1540 2680 1586 2715 ab
1610 2679 1710 2715 adie-

259 2744 358 2781 ctivo
383 2741 465 2785 ὅλος
488 2756 562 2780 non
587 2743 829 2790 separandam
854 2755 932 2779 esse
956 2745 1065 2790 putat
1088 2743 1236 2780 Pottius
1260 2744 1321 2780 Et.
1346 2744 1529 2781 Forsch.1
1551 2755 1586 2790 p.
1604 2745 1687 2780 780.
