1984 3332
971 180 1026 223 83

274 308 507 360 sequentes
539 302 687 345 literas
718 318 741 345 r
778 308 821 345 et
851 302 867 344 l
911 301 1138 345 evanuisse
1181 307 1363 355 constet,
1407 302 1482 357 (cf.
1513 302 1724 347 Corssen:

275 373 431 417 Vocal.
449 375 633 433 Ausspr.
649 375 671 418 I
696 389 737 432 p.
750 375 841 418 134.
871 375 922 418 L.
944 374 1121 431 Meyer:
1151 374 1386 430 Vg1.Gr.1
1411 390 1454 432 p.
1473 375 1541 426 78)
1569 375 1644 427 (cf.
1672 376 1730 419 ri-

275 460 383 503 gare
417 462 495 505 pro
524 447 713 503 vrigare,
737 461 884 503 graec.
907 446 1074 501 πρέχειν
1091 447 1178 489 skr.
1194 447 1336 501 varsh,
1363 447 1421 489 cf.
1436 447 1616 505 laqueus
1645 462 1728 506 pro

274 519 508 575 „vlaqueus
524 534 590 575 gr.
605 516 776 573 βροχὸς,
799 526 890 574 got.
907 520 1079 576 vruggss
1104 519 1369 575 (Schlinge),
1390 520 1606 576 quomodo
1631 520 1727 563 fieri

271 597 455 648 poterat,
479 597 527 633 ut
550 590 595 633 in
617 590 770 645 lingua
792 590 946 633 Latina
969 596 1068 633 ante
1087 605 1152 644 „e,
1175 593 1258 633 ex“
1280 606 1307 632 v
1322 597 1613 646 evanesceret,
1629 606 1726 635 cum

273 662 578 704 sanskriticum
610 661 800 715 „vahis,“
832 662 948 716 quod
975 676 1148 704 sensum
1178 664 1261 704 τοῦ
1290 669 1454 717 „extra,
1482 663 1621 706 foras“
1653 663 1725 716 (cf.

271 733 409 791 Bopp.
432 733 577 777 Gloss.
608 749 649 791 p.
672 733 771 784 314)
803 734 997 790 praebet,
1026 740 1204 789 etymon
1234 740 1407 778 nostrae
1441 735 1727 793 praepositio-

270 807 335 850 nis
354 820 449 849 esse
470 806 544 848 ille
565 805 632 847 vir
660 805 810 848 doctus
837 806 995 861 firmet,
1014 821 1143 864 quam
1171 807 1427 850 sententiam
1456 807 1584 849 etiam
1599 806 1725 850 Chri-

270 878 376 921 stius
408 877 467 935 (p.
486 877 584 928 146)
612 877 901 934 amplectitur.

404 948 597 990 Literam
627 964 659 999 s,
695 963 718 990 e
749 964 832 1005 qua
875 949 1073 1006 spiritum
1102 949 1245 992 lenem
1279 949 1324 991 in
1363 949 1409 992 ἐκ
1448 955 1592 993 ortum
1628 964 1724 993 esse

271 1020 674 1074 demonstravimus,
725 1019 853 1063 etiam
895 1019 940 1063 in
970 1019 1229 1063 carminibus
1260 1019 1508 1064 Homericis
1551 1022 1639 1064 vim
1682 1027 1727 1064 et

272 1093 568 1136 auctoritatem
598 1108 717 1135 suam
747 1093 940 1135 nondum
971 1107 1147 1149 prorsus
1177 1092 1384 1142 amisisse,
1415 1094 1544 1137 certis
1573 1104 1722 1138 exem-

269 1166 355 1223 plis
389 1165 644 1211 ostenditur.

401 1239 594 1283 Primum
636 1239 863 1282 maximam
916 1239 1202 1281 offensionem
1252 1244 1398 1280 movet
1440 1238 1566 1291 illud,
1609 1238 1724 1293 quod

270 1329 312 1356 οι
343 1312 595 1355 encliticum
626 1319 726 1354 ante
756 1311 803 1354 ἐκ
829 1311 1086 1369 productum
1117 1310 1361 1354 invenimus
1391 1310 1418 1364 ξ
1428 1309 1525 1353 460.

588 1378 635 1426 εἷ’
653 1379 752 1434 πώς
780 1391 860 1425 ποῖ
892 1378 1020 1434 ἐκδὺς
1042 1382 1217 1436 χλαῖναν
1246 1378 1396 1438 πόροι.

402 1449 690 1492 Hoffmannus
717 1464 759 1506 p.
784 1450 834 1491 71
866 1449 920 1491 ad
949 1450 1183 1491 verborum
1207 1448 1588 1505 transpositionem
1618 1463 1720 1492 con-

272 1521 398 1579 fugit,
429 1537 556 1578 quam
589 1536 676 1564 non
707 1521 1001 1565 necessariam
1033 1535 1127 1565 esse
1158 1521 1394 1565 ostendam.
1457 1520 1504 1566 Si
1544 1527 1725 1577 constat,

274 1594 391 1651 quod
421 1593 538 1636 idem
569 1593 635 1635 vir
663 1594 813 1637 doctus
842 1595 998 1648 firmat,
1040 1594 1157 1636 hunc
1191 1607 1363 1637 versum
1395 1608 1482 1636 non
1512 1594 1725 1637 recentis-

273 1666 392 1709 simis
420 1667 687 1723 temporibus
716 1680 812 1709 esse
842 1667 1105 1721 confectum,
1137 1665 1241 1723 quid
1270 1681 1350 1709 nos
1384 1664 1584 1723 impedit,
1618 1665 1724 1724 quin

271 1753 371 1781 eum
387 1752 439 1780 eo
459 1743 654 1795 tempore
684 1729 825 1779 ortum
856 1752 951 1780 esse
982 1737 1190 1792 dicamus,
1220 1752 1305 1795 quo
1336 1738 1545 1780 memoria
1571 1738 1725 1781 literae

270 1809 449 1853 initialis
479 1825 499 1851 s
527 1809 718 1852 nondum
748 1824 771 1851 e
801 1809 980 1865 linguae
1009 1810 1218 1852 memoria
1244 1815 1491 1852 evanuerat.
1523 1809 1599 1853 Sic
1616 1809 1725 1853 duos

268 1882 368 1924 illos
398 1881 517 1923 locos
533 1880 578 1923 in
594 1880 813 1937 Odyssea,
840 1881 914 1923 ubi
944 1878 985 1924 oi
1014 1880 1262 1924 encliticum
1283 1887 1383 1924 ante
1397 1882 1594 1925 vocalem
1621 1871 1723 1939 pro-

268 1954 448 1997 ductum
479 1967 524 1996 sc
552 1959 755 2010 praestat,
786 1953 914 1996 litera
944 1953 1095 1996 initiali
1125 1953 1304 1996 ssanari
1320 1953 1602 1997 ostendimus.
1635 1954 1722 2007 (De

268 2043 303 2071 ν.
319 2025 402 2069 343
436 2024 487 2069 cf.
517 2039 558 2082 p.
575 2021 671 2078 30.)

400 2097 572 2140 Deinde
614 2097 660 2138 in
701 2096 840 2154 prima
883 2097 996 2140 thesi
1041 2097 1133 2140 sine
1166 2098 1519 2155 interpunctione
1562 2098 1629 2141 bis
1669 2115 1721 2142 ov

270 2178 370 2215 ante
401 2170 447 2214 ἐκ
476 2168 735 2228 productum
767 2168 988 2224 habemus,
1022 2169 1136 2226 quod
1167 2175 1472 2225 argumentum
1502 2169 1546 2213 in
1575 2176 1723 2213 nostra

271 2242 523 2300 quaestione
555 2256 641 2283 non
678 2241 852 2297 paulum
886 2241 1027 2295 valet;
1068 2241 1251 2294 accedit,
1290 2241 1420 2298 quod,
1457 2242 1722 2286 Hoffmanno

267 2320 377 2358 teste
407 2314 449 2369 (I
478 2329 519 2371 p.
534 2313 601 2356 56.
620 2313 683 2369 3),
723 2312 815 2356 sola
854 2319 954 2355 sunt
986 2313 1186 2371 exempla
1225 2313 1389 2357 vocalis
1426 2328 1477 2356 ov
1506 2313 1553 2355 in
1582 2314 1723 2371 prima

266 2385 378 2429 thesi
409 2386 503 2428 sine
532 2383 884 2441 interpunctione
915 2385 1151 2441 productae
1180 2386 1237 2428 cf.

533 2476 571 2515 E
593 2472 687 2517 666.
715 2463 861 2528 paveo?
883 2469 1078 2528 ἐξερύσαι
1106 2470 1212 2528 δόρυ
1241 2473 1433 2528 μείλινον

530 2560 681 2603 K505.
710 2552 863 2616 ῥυμοῖ
885 2557 1059 2615 ἐξερύοι
1088 2557 1118 2616 ἢ
1150 2560 1339 2617 ἐκφέροι.

399 2633 633 2676 Praeterea
661 2632 787 2674 nobis
817 2647 904 2676 non
936 2631 1203 2689 neglegendi
1229 2630 1485 2674 suntK505
1504 2634 1613 2674 etX
1628 2632 1722 2687 152,

268 2706 342 2749 ubi
370 2701 398 2763 ἢ
426 2705 469 2748 in
497 2704 626 2748 tertia
654 2703 765 2747 thesi
795 2710 895 2747 ante
926 2704 973 2748 ἐκ
1001 2704 1258 2762 productum
1289 2717 1334 2746 se
1365 2708 1568 2761 praestat.

400 2778 455 2821 In
492 2777 576 2819 arsi
616 2776 871 2835 productam
919 2776 1067 2819 inveni
1101 2776 1420 2834 diphthongum
1460 2791 1499 2817 ει
1526 2780 1626 2818 ante
1656 2774 1717 2830 ἐκ,

391 3324 431 3332 ...ψ
445 3326 471 3332 1--
475 3321 592 3332 -.Aah—2„
608 3330 614 3332 Α
