1984 3332
959 180 1014 222 65

266 317 498 348 consonam
527 302 818 348 desinentium
861 299 1155 344 inveniuntur.
1231 300 1385 357 Itaque
1428 305 1595 343 tantum
1638 300 1719 342 boc

263 382 519 432 argumento
549 375 654 416 moti
684 374 738 415 ad
768 373 937 415 literam
967 373 1203 429 spirantem
1234 388 1254 414 s
1273 372 1592 427 confugiemus.
1622 372 1714 414 Iam

265 456 396 505 supra
425 446 623 499 vidimus,
654 450 814 502 quanta
845 443 979 486 fuerit
998 444 1078 498 vis,
1109 458 1236 499 quam
1266 444 1393 485 litera
1424 444 1592 501 spirans
1619 458 1639 484 s
1673 443 1718 484 in

265 519 386 562 initio
417 533 570 561 vocum
606 515 690 570 ἔχω
722 524 765 559 et
810 514 908 568 ἕδος
948 515 1148 572 reliquit3
1195 515 1321 559 etiam
1370 515 1415 559 in
1460 514 1718 573 pronomine

264 586 336 641 ἑός
366 589 536 631 literam
564 588 787 643 initialem,
818 601 926 644 quae
955 587 1038 630 suit
1070 603 1103 640 s,
1130 587 1246 644 apud
1268 587 1507 630 Homerum
1525 586 1717 629 nondum

266 677 443 718 prorsus
473 660 697 703 evanuisse
728 660 820 714 hae,
849 660 1197 716 quaesssequitur,
1248 658 1540 717 disputatione
1574 664 1718 703 osten—

268 732 373 774 dere
405 730 608 775 conabor.

397 802 642 845 Pronomen
672 802 823 844 tertiae
856 816 1079 858 personae,
1109 802 1224 856 quod
1255 802 1378 844 nobis
1412 802 1528 858 apud
1555 800 1720 844 Home-

267 889 362 917 rum
393 874 555 917 formas
582 889 677 928 mv,
705 872 850 927 α-έθεν,
878 875 975 916 ,τεῖο
1007 871 1115 929 (πέο,
1145 874 1240 925 Ὲεῠ)
1266 868 1350 925 foc,
1381 888 1431 916 fe
1460 872 1604 927 offert,
1649 887 1719 917 ne·

269 959 352 1003 que
383 946 522 988 minus
553 959 794 1003 pronomen
821 945 1110 1003 possessivum
1140 941 1218 996 πός
1246 952 1374 1000 atque
1390 941 1491 995 {569
1510 945 1555 987 in
1572 944 1723 1000 lingua

268 1016 441 1060 Graeca
469 1017 653 1071 vestigia
683 1017 928 1073 reliquisse,
952 1023 1069 1072 'quae
1098 1022 1274 1074 praeter
1303 1015 1520 1071 digamma
1549 1017 1719 1059 literam

265 1088 475 1131 initialem
506 1089 549 1130 in
579 1088 644 1130 his
675 1087 850 1130 vocibus
881 1087 1069 1130 valuisse
1100 1087 1348 1141 ostendunt,
1393 1102 1416 1130 e
1448 1102 1496 1130 re
1525 1088 1720 1143 metrica,

267 1160 406 1215 qualis
436 1166 502 1203 est
544 1160 588 1201 in
627 1159 885 1201 carminibus
916 1159 1178 1212 Homericis,
1226 1159 1435 1214 colligere
1475 1174 1718 1216 possumus,

268 1246 395 1287 quam
424 1230 593 1273 literam
622 1230 857 1287 spirantem
888 1246 908 1273 s
936 1229 1069 1272 fuisse
1097 1228 1259 1285 linguis
1290 1230 1490 1286 cognatis
1512 1229 1717 1274 efficitur.

399 1301 612 1344 Habemus
627 1301 797 1344 enimin
813 1301 963 1357 lingua
976 1301 1238 1343 sanskritika
1254 1301 1435 1358 stirpem
1450 1301 1719 1358 pronominis

267 1374 420 1416 tertiae
451 1388 661 1431 personae
694 1375 835 1428 „sva“,
865 1389 890 1415 a
921 1388 1005 1430 qua
1032 1372 1077 1415 in
1117 1372 1266 1428 lingua
1296 1371 1471 1416 Graeca
1500 1372 1716 1427 originem

267 1446 431 1488 ducunt
474 1461 554 1488 stov
583 1444 730 1500 πέθεν,
757 1447 866 1498 selo,
907 1444 981 1488 ,τέο
1013 1460 1101 1498 sev,
1133 1460 1205 1487 foc
1234 1460 1284 1488 fe
1312 1450 1441 1502 atque
1479 1458 1720 1502 pronomen

267 1515 558 1573 possessivum
588 1513 680 1571 πός,
708 1531 814 1573 quas
847 1517 1003 1559 formas
1035 1531 1058 1559 e
1090 1532 1212 1572 σπου,
1255 1532 1366 1568 osec,
1410 1531 1487 1560 effe
1534 1523 1579 1560 et
1615 1513 1722 1568 0569

268 1594 383 1630 ortas
413 1601 508 1630 esse
539 1594 714 1631 constat.
779 1588 833 1631 ef.
865 1587 985 1632 Gurt.
1017 1603 1058 1645 p.
1077 1588 1173 1631 352.
1244 1587 1568 1644 Etymologiam
1601 1587 1719 1629 vocis

267 1656 338 1710 ἑός
375 1660 411 1702 si
451 1659 717 1716 respicimus,
751 1656 823 1710 ἑός
853 1673 875 1702 e
903 1656 1033 1710 oessog
1064 1666 1212 1703 natum
1242 1673 1335 1702 esse
1374 1660 1499 1703 nobis
1532 1666 1717 1702 statuen-

267 1731 370 1775 dum
401 1738 479 1776 est.
509 1734 563 1778 cf.
593 1731 876 1777 Schleicher:
909 1730 1149 1789 Compend.
1180 1732 1334 1789 p.219.
1383 1731 1446 1777 Ut
1473 1732 1589 1775 enim
1619 1747 1716 1791 pro·-

265 1803 440 1847 nomine
471 1803 712 1860 possessivo
744 1803 959 1846 secundae
993 1818 1205 1862 personae
1235 1801 1335 1855 τεός
1365 1805 1499 1859 (quod
1530 1806 1641 1859 legis
1670 1809 1723 1846 A

269 1876 365 1929 138)
408 1882 535 1932 atque
570 1876 735 1929 formis,
781 1891 887 1929 quas
930 1876 1053 1919 nobis
1092 1877 1272 1934 praebet
1306 1876 1516 1919 dialectus
1549 1876 1723 1931 Dorica,

264 1946 363 1997 τέος
390 1962 445 1983 =
472 1948 569 1997 σοῦ,
601 1946 689 1989 τέιν
723 1964 767 1984 =
798 1962 869 1989 σοι
910 1948 987 2002 (cf.
1013 1947 1152 1990 (5619.
1171 1946 1265 1990 829.
1308 1947 1444 1990 2559.
1482 1964 1506 1990 ο
1525 1949 1624 2004 119)
1669 1963 1721 1991 eo

265 2018 535 2072 adducimur,
573 2023 620 2060 ut
647 2018 723 2060 has
753 2017 911 2061 formas
944 2033 969 2060 a
997 2018 1203 2074 genetivo
1243 2018 1461 2061 secundae
1493 2033 1718 2075 personae,

266 2088 405 2146 qualis
436 2094 501 2131 est
529 2088 574 2130 in
595 2088 743 2144 lingua
765 2088 1034 2143 sanskritica,
1055 2089 1204 2144 „tava“
1224 2089 1372 2144 (Nom.
1384 2090 1573 2143 „tvam“)
1589 2091 1721 2147 origi-

267 2175 365 2203 nem
396 2159 574 2202 duxisse
603 2159 809 2213 dicamus,
838 2160 897 2201 ita
927 2160 1052 2202 etiam
1082 2156 1194 2215 5569,
1214 2176 1313 2203 cum
1342 2160 1471 2217 stirps
1501 2162 1722 2217 pronomi-

266 2232 332 2276 nis
360 2231 513 2275 tertiae
542 2245 753 2289 personae
783 2231 908 2281 „sva“
939 2231 983 2274 in
1016 2231 1167 2287 „sava“
1199 2231 1555 2290 amplificaretur,
1601 2234 1721 2277 vices

265 2306 344 2347 τοῖ
373 2300 502 2354 σεῐός
533 2304 724 2359 gessisse
754 2304 878 2346 nobis
911 2318 990 2360 pro
1013 2310 1134 2346 certo
1155 2304 1400 2346 habendum
1418 2311 1495 2346 est.
1523 2305 1726 2360 Accedit,

266 2375 382 2433 quod
412 2375 455 2417 in
487 2376 636 2435 lingya
655 2375 812 2418 Latina
842 2375 1058 2432 antiquius
1089 2377 1249 2428 „sovo“
1280 2390 1359 2432 pro
1392 2377 1522 2430 „suo“
1557 2376 1721 2419 inveni-

266 2461 359 2488 mus
390 2446 464 2500 (cf.
496 2446 707 2490 Corssen:
737 2446 852 2490 Ueb.
886 2446 1072 2504 Ausspr.
1103 2453 1185 2489 etc.
1214 2446 1235 2488 Ι
1265 2460 1305 2503 p.
1329 2447 1440 2502 175),
1472 2461 1555 2503 qua
1584 2448 1723 2490 forma

265 2516 479 2560 sententia
511 2522 657 2558 nostra
690 2516 744 2559 de
774 2517 945 2571 origine
977 2517 1094 2559 vocis
1125 2513 1225 2568 ἐτός
1256 2517 1384 2559 etiam
1411 2517 1618 2559 firmatur.
1650 2519 1722 2562 Ab

265 2589 416 2632 eadem
446 2589 582 2644 stirpe
621 2589 880 2646 amplificata
912 2591 1065 2643 „sava“
1108 2589 1236 2631 etiam
1283 2589 1480 2631 derivare
1514 2590 1723 2633 debemus

264 2659 372 2716 ἑυ-οἳ,
415 2657 471 2715 ἓέ,
517 2674 624 2718 quae
656 2661 821 2702 formae
852 2674 875 2702 e
909 2663 1049 2716 ossei,
1090 2660 1191 2703 σεπέ
1223 2666 1340 2703 ortae
1375 2675 1469 2703 esse
1498 2661 1722 2704 habendae

263 2740 377 2775 sunt.
406 2733 463 2776 ef.
493 2732 682 2775 Leskien
711 2747 752 2789 p.
769 2732 835 2775 37.
906 2734 1058 2790 Itaque
1095 2733 1384 2776 Hoffmannus
1416 2733 1480 2787 (II
1511 2750 1551 2791 p.
1576 2734 1645 2790 13)
1674 2735 1719 2777 in

1431 2807 1459 2848 5
