1984 3332
1020 199 1075 241 34

327 320 398 364 De
427 320 651 378 digammo
682 322 861 378 eiusque
887 321 1257 365 immutationibus
1286 320 1392 365 Pars
1421 323 1446 366 Ι
1474 337 1516 380 p.
1541 323 1600 381 3).
1660 326 1781 371 Haec

329 393 580 450 explicandi
608 394 717 436 ratio
749 394 885 436 multo
916 393 1155 450 simplicior
1187 407 1282 435 esso
1316 394 1420 436 mihi
1449 394 1622 438 videtur
1653 412 1780 453 quam

323 479 375 508 ea
403 464 734 521 argumentatio,
772 479 896 524 quae,
928 480 1025 507 cum
1057 463 1233 507 vocibus
1263 461 1513 521 Αἰγύπτιος
1543 473 1586 510 et
1603 464 1778 520 Ἱστίαια

324 543 527 593 quattuor
568 537 760 594 syllabas
788 537 1003 581 contineri
1033 543 1205 592 statuat,
1235 537 1288 580 ad
1310 538 1531 581 licentiam
1569 540 1783 597 poeticam

326 610 536 665 confugit,
573 616 621 652 ut
647 610 827 652 alteram
860 610 1072 665 syllabam
1101 611 1279 652 brevem
1319 618 1483 666 servet;
1530 628 1659 669 quam
1703 629 1774 657 ex·

325 682 572 739 plicationis
606 682 717 725 viam
738 681 925 737 ingressi
944 688 1044 724 sunt
1074 680 1309 739 Rossbach,
1328 682 1576 743 Westphal:
1607 686 1780 731 Metrik.

325 754 501 797 Th1.11.
536 753 781 809 Abthlg.II
809 768 849 810 p.
869 754 965 795 290.
993 754 1092 796 Huc
1120 769 1209 796 non
1241 756 1522 798 referendum
1551 772 1645 800 esse
1676 760 1780 801 mihi

324 825 496 868 videtur
527 825 671 880 1'414,
700 825 774 868 ubi
807 825 993 881 legitur:

786 911 845 970 μή
876 915 921 968 μ’
953 911 1086 969 ἔρεθε·
1117 914 1291 970 σχῖτλίη

326 1004 426 1060 quia
453 1004 498 1046 in
526 1004 609 1045 hoc
647 1018 777 1045 versu
818 1004 947 1045 litera
988 1010 1107 1045 muta
1149 1019 1247 1046 cum
1278 1005 1443 1061 liquida
1473 1006 1667 1062 syllabae
1698 1006 1780 1062 pri·

323 1089 419 1117 mae
466 1074 722 1117 brevitatem
769 1074 871 1116 satis
916 1082 1097 1118 excusat
1148 1076 1222 1129 (cf.
1253 1076 1443 1118 Bekkcr.
1479 1076 1608 1118 Hom.
1637 1076 1704 1119 Bl.
1738 1092 1780 1134 p.

322 1147 409 1201 35).
468 1147 606 1189 Aliud
648 1153 972 1202 argumentum,
1022 1162 1106 1205 quo
1135 1165 1152 1190 ι
1180 1149 1294 1205 apud
1329 1148 1522 1192 Graecos
1549 1148 1665 1189 vices
1696 1149 1781 1203 spi-

322 1220 460 1261 rantis
494 1219 647 1261 literae
674 1220 692 1274 j
730 1219 918 1275 gessisse
960 1217 1300 1273 demonstratur,
1341 1220 1468 1261 affert
1493 1218 1780 1276 Maurophry—

325 1290 401 1333 des
432 1291 477 1345 (l.
509 1306 545 1332 c.
576 1305 617 1348 p.
651 1291 762 1344 144).
838 1290 1048 1346 Legimus
1093 1291 1208 1333 enim
1238 1291 1351 1349 apud
1380 1292 1505 1333 Paus.
1523 1290 1578 1332 V.
1597 1292 1618 1331 l
1649 1290 1779 1331 hexa-

322 1369 508 1405 metrum
525 1382 532 1404 :

488 1447 689 1509 Μήὸειαν
722 1448 865 1495 Ιάσων
893 1450 1040 1507 γαμέει
1067 1449 1234 1494 κέλεται
1260 1450 1296 1493 δ’
1328 1444 1590 1509 ’Λφροδίτα

323 1535 397 1576 ubi
424 1551 440 1576 ι
472 1534 622 1576 eadem
654 1534 836 1585 ratione,
876 1549 960 1591 qua
984 1536 1017 1589 j,
1045 1534 1366 1590 pronuntiatum
1399 1547 1493 1575 esse
1523 1532 1626 1574 inde
1653 1547 1779 1589 appa-

327 1613 409 1661 ret,
450 1606 566 1664 quod
594 1603 737 1649 Ιάσων
778 1606 962 1649 duarum
1005 1606 1269 1663 syllabarum
1307 1620 1551 1648 mensuram
1597 1603 1776 1646 obtinet.

324 1677 620 1731 Quamobrem
651 1693 738 1721 non
771 1677 935 1733 dubito,
978 1678 1079 1736 quin
1121 1678 1234 1737 apud
1264 1677 1506 1721 Homerum
1546 1676 1629 1718 loci
1660 1676 1777 1718 inve-

326 1750 520 1804 niantur,
566 1751 722 1808 quibus
748 1766 873 1792 usum
902 1750 1157 1807 antiquioris
1187 1750 1331 1805 poesis
1372 1749 1577 1791 imitatam
1607 1748 1776 1790 literam

325 1820 577 1879 spirantem,
616 1837 723 1879 quae
765 1828 830 1865 est
849 1822 882 1877 j,
926 1822 1055 1865 etiam
1080 1823 1126 1865 in
1157 1822 1280 1865 initio
1310 1836 1467 1865 vocum
1498 1820 1697 1875 valuisse,
1736 1826 1779 1861 et

321 1891 441 1934 hiatu
471 1899 513 1933 et
547 1893 866 1935 molestioribus
896 1894 1267 1950 productionibus,
1301 1909 1405 1950 quas
1428 1893 1649 1950 patiuntur
1688 1892 1775 1946 syl-

323 1964 445 2006 labae
463 1965 786 2020 antecedentes,
809 1966 970 2023 optime
992 1966 1244 2008 ostenditur.
1306 1965 1399 2007 Iam
1424 1979 1523 2007 eum
1540 1963 1774 2019 perlustra—

319 2035 405 2078 turi
438 2035 570 2078 simus
602 2050 675 2079 eos
705 2036 836 2088 locos,
882 2051 936 2079 ex
965 2037 1121 2095 quibus
1153 2036 1444 2080 Hoffmannus
1485 2035 1663 2087 hiatum,
1705 2033 1777 2091 qui

322 2113 440 2149 extat
468 2107 514 2148 in
546 2097 720 2150 caesura
749 2108 971 2150 trochaica
1004 2108 1128 2166 pedis
1156 2108 1272 2149 tertii
1303 2107 1378 2160 (cf.
1400 2107 1423 2148 Ι
1464 2122 1507 2163 Ρ.
1535 2106 1607 2160 88)
1649 2111 1693 2146 et
1734 2106 1777 2146 in

320 2178 407 2221 fine
436 2178 560 2236 pedis
591 2179 731 2236 quarti
761 2179 834 2235 (cf.
865 2196 907 2238 p.
922 2180 995 2235 90)
1027 2185 1069 2222 et
1099 2179 1144 2221 in
1181 2178 1293 2221 thesi
1322 2177 1444 2234 pedis
1474 2175 1601 2234 primi
1627 2175 1702 2230 (cf.
1734 2191 1775 2233 p.

320 2250 392 2299 91)
423 2256 675 2291 excusatum
706 2265 802 2293 esse
834 2251 1017 2307 colligit,
1065 2266 1152 2292 non
1191 2250 1408 2304 neglectis
1455 2248 1515 2290 eis
1551 2247 1777 2304 exemplis,

319 2320 394 2362 ubi
427 2320 578 2363 eodem
613 2320 879 2364 Hoffmanno
905 2327 1014 2364 teste
1045 2320 1185 2363 hiatus
1216 2319 1397 2361 illicitus
1439 2316 1657 2360 invenitur
1700 2316 1777 2373 (ef.

320 2405 363 2447 p.
382 2391 471 2445 92),
515 2391 702 2449 primum
732 2406 804 2434 eas
837 2393 1115 2434 tractabimus
1144 2405 1289 2444 voces,
1335 2404 1443 2447 quae
1471 2405 1495 2431 a
1533 2388 1661 2431 litera
1694 2389 1777 2446 spi-

319 2463 473 2504 rantis
502 2462 760 2518 incipientes
790 2463 924 2504 hiatui
954 2463 1115 2505 iustum
1146 2462 1334 2504 afferunt
1361 2461 1587 2516 auxilium,
1618 2460 1774 2503 deinde

319 2532 516 2588 vestigiis
546 2534 831 2589 investigatis,
865 2548 974 2591 quae
1006 2533 1171 2590 spirans
1203 2533 1397 2591 palatalis
1411 2534 1429 2590 j
1451 2533 1495 2576 in
1512 2531 1773 2575 carminibus

320 2605 566 2646 Homericis
601 2605 791 2660 reliquit,
822 2606 876 2647 de
908 2605 970 2647 eis
1006 2605 1398 2659 terminationibus,
1426 2619 1535 2662 quae
1552 2603 1668 2661 apud
1686 2603 1775 2645 Ho—

317 2690 486 2718 merum
516 2676 599 2718 iam
631 2676 866 2719 firmiorem
901 2682 1097 2718 naturam
1132 2683 1425 2731 servaverant,
1472 2675 1658 2730 ideoque
1689 2672 1775 2715 hia-

316 2756 407 2791 tum
442 2749 604 2807 optime
636 2749 752 2792 ferre
784 2754 998 2806 poterant,
1029 2764 1224 2806 agemus.
1300 2749 1390 2794 Sed
1430 2748 1680 2805 priusquam
1716 2743 1770 2786 de
